2476 4296
537 229 706 302 -·226
794 267 834 280 -

197 391 369 484 epigraphe¹
390 388 567 456 dicuntur'
559 409 657 454 inesse
678 387 803 478 mugnis
824 387 973 480 negotiis)
992 387 1127 454 'existere
1156 413 1204 454 ex

196 497 368 587 improvida
399 493 598 558 seiunctione
601 508 622 542 ‘⁶
664 493 765 564 „Nam
794 496 847 580 (ut
868 491 1011 558 dicitur
1002 517 1036 558 ιιι
1059 491 1202 558 Chou-

196 601 297 692 hing
317 599 370 664 lilt.
386 597 432 662 111.
455 595 493 660 ab
514 595 629 662 eximio
650 595 808 676 ministro)
835 589 903 661 rim
924 620 944 662 a
966 607 996 663 te
1017 571 1200 685 perfectam

149 745 156 754 ·
196 701 282 796 puta,
304 703 330 774 si
351 701 490 794 praevisa
512 711 542 766 et
562 712 671 792 parata
690 699 783 768 htbes
804 700 943 768 omnia.“
1014 761 1018 782 ,

533 881 537 889 ’
576 890 790 930 ansorirsossas.

266 1006 308 1065 1)
322 995 416 1086 Opus
447 1010 509 1051 acu
538 993 680 1070 pictum,
714 996 792 1052 aiunt
819 997 997 1071 interpretes,
1026 1009 1077 1053 ast
1083 1015 1191 1100 opus

193 1087 291 1162 longi
309 1067 451 1142 laboris.
486 1087 521 1142 ,ts
536 1094 653 1140 naturae
676 1103 732 1138 non
751 1085 841 1140 minus
860 1103 1009 1159 operosum
1028 1096 1068 1140 est
1088 1087 1190 1160 prima

194 1175 294 1231 efferre
317 1177 412 1230 r'erum
431 1174 522 1230 initia.
558 1173 643 1228 Recte
665 1173 759 1248 itaque
783 1173 857 1228 inter
879 1192 908 1230 sa
933 1185 1136 1248 comparantur
1164 1187 1194 1230 ct

193 1263 225 1322 in
250 1275 370 1338 utroque
392 1261 582 1318 festinatur
593 1264 715 1350 lente,
747 1281 783 1318 na
801 1273 914 1320 conatus
932 1281 1062 1320 successu
1080 1277 1190 1336 careat,

192 1356 268 1410 huno
292 1371 349 1409 non
374 1341 511 1412 obtinebit
536 1350 585 1426 qui
608 1351 638 1406 in
663 1351 771 1426 magnis
793 1351 911 1426 negotiis
935 1352 1046 1406 animo
1044 1369 1191 1426 praeceps

46 1415 50 1424 .
100 1471 103 1476 ·
193 1453 234 1503 ast
252 1441 440 1516 suscipiendis,
459 1451 487 1494 et
504 1439 534 1494 in
552 1441 749 1512 promovendis
768 1441 937 1496 inconstans.
967 1441 1089 1498 Plantae
1107 1453 1188 1496 certa

193 1549 252 1587 non
269 1531 359 1586 subito
378 1546 493 1608 magnae
510 1539 674 1610 erumpunt,
700 1530 748 1586 sed
771 1529 871 1586 sensim
889 1539 1018 1584 creseunt
1035 1539 1120 1604 atque
1140 1549 1189 1584 au-

193 1621 305 1695 geritur,
324 1627 424 1674 natura
442 1616 549 1671 scilicet
567 1619 649 1688 lenta,
668 1617 715 1673 sed
737 1628 828 1672 tamen
847 1637 955 1691 semper
967 1628 994 1672 et
1004 1619 1185 1673 continenter

192 1709 350 1766 laborante.
382 1707 519 1762 Arboreus
536 1723 621 1760 unam
638 1704 714 1760 intra
732 1716 841 1762 noctem
858 1705 975 1778 prodire
994 1725 1009 1760 e
1027 1716 1106 1761 terra
1121 1725 1187 1780 pro

192 1815 286 1853 cerain
302 1795 463 1870 firmamque
480 1793 673 1868 prodigiosum
692 1803 740 1862 est,
757 1804 789 1848 ut
801 1801 907 1858 (aunt)
918 1793 1017 1850 accidit
1027 1793 1187 1868 imperante

193 1885 323 1941 Tui-ou
347 1903 362 1938 e
388 1883 510 1938 secunda
530 1881 635 1937 familia
658 1882 879 1954 antechristum
899 1891 966 1943 1633
986 1883 1114 1940 circiter.
1153 1887 1186 1939 At

125 1999 129 2010 ’
192 1992 251 2028 non
277 1972 368 2027 misius
402 1987 498 2028 rarum
508 1974 609 2045 puta,
644 1971 667 2026 si
686 1971 821 2044 imperato
844 1981 871 2028 et
895 1972 1043 2045 praecipiti
1069 1973 1185 2046 negotio

181 2064 264 2120 ,bena
288 2061 455 2134 succedunt3
483 2057 644 2134 festinatio,
676 2059 796 2115 advertit
826 2062 909 2118 etiam
940 2070 1036 2115 noster
1061 2061 1183 2128 Tacitus,
1222 2051 1223 2103 i

191 2150 359 2225 improvida,
379 2165 462 2204 caeca
481 2159 529 2206 est.

265 2249 295 2306 a)
311 2238 392 2296 Licet
409 2237 498 2294 virtsas
517 2239 625 2313 Yang,
643 2255 692 2296 sou
713 2237 829 2293 materia
846 2235 981 2310 coelectis,
1001 2237 1120 2316 quocica
1141 2255 1183 2311 ge

191 2328 339 2386 natatione
355 2326 460 2400 primas
473 2337 554 2392 ¹tanet
570 2335 597 2381 et
614 2327 748 2400 princeps¹
765 2337 813 2398 est,
832 2326 862 2381 in
880 2325 986 2400 igunae
1003 2325 1101 2382 infimo
1118 2329 1182 2382 ioco

191 2417 301 2492 (inquit
315 2417 414 2472 doctor
433 2410 661 2479 Teheou-tse)
680 2415 820 2488 pingitur,
840 2413 1019 2470 nihilominus
1038 2415 1086 2472 hio
1102 2415 1181 2472 etiam

192 2518 233 2562 est
249 2503 421 2580 principium
438 2514 537 2575 motus,
555 2514 651 2577 utpote
672 2513 772 2557 notura
791 2519 841 2557 sua
858 2513 969 2558 actuosa
991 2511 1019 2556 et
1036 2503 1140 2558 valida.

263 2595 325 2650 lion
343 2593 425 2660 alites:
443 2591 581 2666 contingit
600 2591 664 2646 viro
682 2591 769 2664 regiis
788 2591 896 2646 dotssuts
915 2601 942 2648 et
958 2589 1111 2646 virtutibus
1129 2589 1178 2643 exi·

192 2683 248 2738 mia
265 2681 416 2752 instnzct03
440 2696 606 2755 quacunque
624 2677 796 2752 reipublicae
814 2677 843 2736 in
861 2690 942 2752 parte
959 2689 1098 2749 versetur,
1116 2675 1180 2734 boni

192 2770 345 2826 communis
364 2785 447 2824 caasa
468 2778 517 2844 est.
538 2768 568 2827 si
586 2765 669 2822 sitin
687 2765 786 2822 humili
804 2767 876 2839 loco,
895 2765 1019 2822 consiliis
1038 2767 1179 2842 obsequio
1221 2805 1222 2810 η

192 2879 249 2934 que
265 2860 384 2928 adjuvat.
403 2855 472 2926 ⁴„Si
492 2855 527 2910 sit
544 2855 574 2910 in
586 2854 696 2925 alfiora,
721 2872 771 2910 sua
788 2855 921 2912 modestia
944 2865 972 2910 at
991 2855 1181 2910 ¹moderatione

192 2943 468 3022 (inquitConfuoius
492 2943 520 3000 in
540 2942 663 3016 Siang)
687 2941 828 3016 ingentem
852 2945 986 3018 populum
1010 2944 1179 3024 assequitur;

191 3037 343 3091 multorum
365 3032 470 3088 scilicet
494 3031 598 3086 animoa
623 3031 790 3087 abhorrente
808 3031 842 3088 ab
862 3031 937 3087 omni
957 3027 1037 3103 iaetu,
1055 3032 1179 3106 benigni-

190 3135 255 3191 tate,
283 3121 403 3195 utilique
424 3119 524 3194 agendi
547 3118 656 3174 ratione
680 3119 732 3175 sibi
751 3119 864 3175 omnino
883 3119 1013 3175 desincit.
1050 3119 1132 3176 Valet
1148 3119 1180 3173 si-

191 3211 303 3286 quidem
330 3208 435 3282 ubique
464 3217 604 3264 terrerum
632 3225 777 3264 commune
803 3207 946 3283 adagium:
978 3225 1072 3263 omne
1100 3207 1178 3264 tulit

191 3297 354 3371 punctum
372 3295 429 3370 qui
447 3296 584 3352 miscuit
600 3297 688 3352 utile
707 3298 834 3354 dulci.u
1011 3294 1050 3376 Q

262 3387 343 3440 Hunc
368 3395 459 3440 autam
478 3385 667 3442 characterem
689 3403 706 3441 a
730 3385 867 3444 &ithacio
886 3374 1042 3462 aapreisum
1067 3405 1125 3442 assa
1146 3405 1175 3440 ex

191 3473 328 3548 principis
341 3473 670 3550 ,On-ouangpersona
687 3474 839 3548 gestisque,
866 3475 969 3537 emin,
992 3485 1033 3532 Μ
1050 3493 1085 3534 ,x
1102 3475 1177 3534 dic„
1220 3457 1221 3502 ι

191 3580 275 3638 im
292 3572 325 3620 ut
339 3563 468 3644 pluribus
489 3579 628 3639 exponam
646 3581 757 3630 neccsse
775 3563 819 3620 sit.
914 3632 919 3644 ,
1220 3565 1221 3582 ι

583 3783 789 3801 m
