2476 4296
433 198 712 298 -ensss

73 408 122 464 pu
140 391 179 446 sn
201 390 370 445 essum
400 397 433 440 us
455 385 561 442 nmen
584 385 660 442 atta·
682 389 728 444 vu
754 387 943 446 sensnm
959 354 1071 462 pmii
1110 382 1112 386 ’

74 479 195 534 dividant
224 497 278 553 qna
299 475 392 550 possit
411 475 553 546 ·e1nicare;
581 485 664 550 atque
686 477 725 532 ita
753 477 923 552 intelligitur
951 473 1072 553 quanm
1186 499 1191 512 ¹

72 569 179 622 ratione
196 568 232 622 ad
250 566 397 640 physicam
416 575 552 636 spectare,
579 574 628 618 aut
650 567 745 620 saltem
764 567 855 642 (qnod
874 563 931 621 non
950 583 1017 620 raro
1035 567 1072 622 ab
1140 575 1156 630 ἴ

76 656 132 709 istis
155 655 358 728 interpretibus
385 651 434 715 fit)
458 653 494 706 ad
519 651 597 707 illam
627 643 787 729 detorqueri
813 657 921 730 possint
948 629 1097 726 subjectas

78 743 170 816 figuris
184 747 267 798 set-bn
286 759 362 817 quae
382 741 451 796 libri
469 739 599 816 Y-lting
620 751 722 798 textum
739 757 918 817 componunt.

149 819 224 895 5)'Et
242 851 275 886 ne
294 830 414 905 longius
433 831 587 902 exemplum
607 849 781 905 quaeramus,
803 835 933 890 laborant
949 849 1007 890 non
1024 849 1072 906 pa·
1183 835 1185 840 ’

79 937 140 974 rnna
162 919 190 974 in
206 923 256 975 hac
271 921 362 975 tertia
385 920 542 993 epigraphe
560 919 602 974 his
621 921 837 992 productionum
855 923 943 978 initiis
961 939 1070 978 accom-

78 1010 215 1063 modanda.
249 1009 325 1087 Quid
346 1008 426 1064 enim
443 1008 479 1062 ad
496 1009 563 1063 haee
583 1008 649 1064 iacit
668 1011 785 1065 oles-atio
804 1011 966 1084 principis?
1026 1028 1040 1059 Δ
1146 1061 1150 1072 .

143 1098 363 1152 Commentarius
383 1097 541 1152 communis
560 1097 662 1154 tineam
680 1095 817 1171 intimam,
846 1119 917 1174 quae
942 1111 983 1156 est
999 1099 1070 1156 inta-

78 1203 135 1260 με,
161 1197 188 1240 et
204 1205 237 1240 ex
253 1187 336 1242 dietis
358 1185 473 1241 exhibet
490 1185 621 1240 virtutem
638 1187 749 1260 Yang,
777 1207 825 1268 seu
849 1189 992 1244 materiam
1010 1205 1072 1244 aoe-

78 1275 178 1344 lestesn,
191 1275 233 1330 'ait
248 1275 350 1330 vocari
369 1291 455 1348 posse
474 1273 685 1348 prinoipem,
705 1294 762 1329 non
781 1279 869 1332 sotum
887 1277 962 1352 quod
978 1277 1071 1351 prima

81 1362 116 1416 sia
132 1365 227 1418 ordine
243 1363 298 1427 (nti
316 1365 376 1434 jam
396 1363 428 1418 in
450 1363 554 1418 duabus
572 1363 634 1418 aliis
645 1355 741 1442 tiburis
756 1359 1003 1438 estobser'vatum),
1022 1365 1071 1421 sed

84 1451 165 1506 etiam
183 1453 248 1526 quod
265 1455 296 1509 in
316 1453 372 1508 hae
392 1462 523 1506 caeterae
540 1453 631 1507 lineae
648 1453 822 1527 innitantur,
847 1455 885 1510 ita
908 1465 940 1509 ut
962 1455 986 1510 si
1003 1454 1074 1510 haee

81 1539 171 1610 prima
191 1553 339 1612 nonaum,
370 1542 500 1617 quinque
524 1539 590 1596 alias
613 1545 691 1597 velut
707 1561 791 1598 ruere
809 1559 919 1598 neeesse
938 1543 981 1599 sit.
1019 1541 1073 1600 Cui

82 1629 247 1700 explicationi
258 1639 428 1705 repugnant
445 1629 539 1684 critici
554 1627 695 1701 nonnulli,
711 1631 786 1705 quod
800 1649 853 1686 vox
867 1627 961 1687 Siniea
976 1631 1073 1688 Heou

80 1715 160 1786 hujus
185 1729 267 1775 textus
295 1738 358 1774 non
385 1717 525 1792 significet
552 1719 641 1793 quod
665 1719 813 1792 primum
839 1729 903 1788 est,
929 1731 977 1774 ant
995 1719 1073 1794 quod

81 1805 170 1864 basis
186 1820 224 1863 est
241 1819 289 1863 aut
310 1800 588 1879 fundamentum,
613 1809 791 1884 sustinetque,
813 1827 896 1884 quern
913 1807 944 1863 in
962 1825 1074 1864 sensum

84 1897 169 1970 aoeipi
184 1908 276 1972 posset
293 1897 319 1952 si
338 1897 438 1951 Heou
457 1905 568 1950 sonaret
586 1896 658 1952 idem
680 1915 713 1952 ao
730 1899 812 1968 Pen3
830 1897 878 1978 spd
895 1897 970 1952 haud
988 1895 1074 1953 dubie

83 1983 209 2058 significet
231 1997 341 2041 certant
365 1985 496 2058 certique
514 1983 621 2040 ordinis
639 1984 714 2040 inter
732 1981 848 2059 imperii¹
862 1986 1006 2060 principes
1026 2001 1077 2040 seu

80 2087 212 2148 magnetes
232 2075 415 2150 dignitatem.
453 2073 531 2150 Quae
556 2072 628 2129 ratio
654 2085 694 2128 est
719 2076 834 2130 omnino
860 2075 957 2132 eiiiuax
977 2075 1012 2130 ad
1031 2075 1077 2128 de·

81 2165 289 2219 nomn-andum
317 2181 433 2218 sensum
459 2161 571 2217 obvium
594 2163 670 2219 vocis
691 2163 802 2238 Heou,
831 2165 879 2240 qui
899 2165 982 2221 etiam
1000 2161 1094 2237 apud'

78 2253 197 2328 antiquos
222 2252 383 2326 scriptores
409 2249 570 2324 optimatum
591 2253 641 2307 tali
659 2252 741 2310 titulo
755 2271 787 2308 ae
806 2255 913 2332 honore
932 2255 1075 2323 donatum,

77 2341 195 2417 nihilque
214 2341 308 2412 aliud,
335 2337 483 2414 exprimit,
511 2340 635 2415 adeoque
653 2343 744 2396 solum
763 2341 854 2396 civilis
873 2351 922 2398 est.
957 2343 1026 2398 Nam
1045 2341 1076 2396 in
1183 2411 1187 2424 Ι

77 2429 202 2502 historiis,
222 2429 410 2504 antiquisque
428 2430 621 2500 monumentis,
641 2429 675 2483 de
693 2429 754 2502 ipso
773 2427 951 2504 Ou-ouang
968 2429 1075 2504 legitur
1173 2437 1176 2442 '

79 2517 148 2574 ssim
174 2520 309 2595 quinque
339 2517 491 2591 dignitates
516 2517 667 2572 instituisse
694 2537 762 2592 quaa
777 2517 939 2591 ,appellavit
962 2504 1077 2592 Honffi
1138 2509 1139 2514 ¹

79 2605 182 2680 ileon,
207 2610 268 2677 re,
296 2609 380 2677 Tse,
406 2607 433 2662 N
440 2623 497 2676 an,
525 2617 551 2660 et
575 2607 631 2661 iliis
657 2608 757 2682 quibus
781 2607 881 2664 deinde
907 2607 1077 2686 conferenda

82 2697 159 2768 trent,
177 2697 309 2752 voluisse
328 2693 469 2770 assignari
487 2705 527 2750 tot
544 2683 696 2752 stadiorum
717 2697 858 2770 ditionem,
877 2707 945 2772 puta
966 2707 1078 2757 tonsta-

83 2783 121 2838 tie
136 2785 252 2840 titulum
273 2786 378 2858 Itong
398 2793 427 2838 et
443 2783 535 2838 lieou
553 2785 722 2857 promeritis,
742 2796 776 2846 70
794 2797 841 2842 aut
854 2799 888 2848 50
901 2786 989 2842 stadia
1002 2785 1076 2844 aliis.

85 2871 260 2948 Quapropter
281 2871 401 2947 'etiamsi
429 2871 556 2948 daremus
583 2875 632 2928 itas
661 2873 806 2947 dignitates
830 2893 886 2929 non
905 2875 989 2934 fuisse
1010 2885 1080 2930 tune

82 2963 196 3032 prinum
212 2961 368 3029 institutes,
388 2962 438 3016 sed
456 2979 553 3016 recens
572 2962 748 3035 instauratas,
766 2963 946 3042 nihilominus
964 2963 995 3020 id
1010 2981 1079 3018 som·

83 3067 126 3120 per
143 3049 375 3107 concludendum
394 3059 473 3121 esset,
492 3069 589 3104 vocem
605 3051 698 3106 Heou
716 3039 760 3106 iel
779 3062 846 3106 tune
863 3051 979 3106 maxime
997 3069 1078 3106 usur·

84 3139 141 3208 pari
157 3159 210 3212 pro
228 3139 318 3194 titulo
336 3139 447 3211 primae
473 3139 628 3212 dignitatis,
653 3159 668 3195 e
692 3141 815 3216 quinque
839 3159 855 3194 a
876 3159 949 3196 nova
972 3137 1079 3194 familia
1115 3173 1140 3216 1
1165 3179 1167 3184 ,

84 3227 158 3298 regia
174 3229 324 3300 Tcheon
342 3227 476 3282 induetist
514 3229 567 3284 Sed
592 3241 643 3284 nee
670 3229 701 3284 id
724 3239 828 3302 negant
850 3238 1080 3284 oommentatores

84 3311 138 3384 itti;
159 3315 187 3369 ia
204 3318 344 3370 duntaxat
362 3317 464 3370 volunt
480 3315 570 3372 civilis
595 3317 737 3391 dignitatis
756 3335 856 3372 nomen
878 3319 965 3394 (quod
984 3335 1080 3374 ornnes

83 3397 210 3456 historiae
234 3404 409 3478 loquuntur)
439 3405 627 3476 metaphorice
656 3406 807 3462 convenire
833 3407 987 3480 praecipuo
1002 3405 1079 3479 phy·
1126 3459 1130 3467 ,

86 3486 426 3565 aicaeprincipioYang,
445 3495 524 3562 eujus
541 3491 615 3548 linea
632 3493 724 3567 prima
742 3527 899 3542 -—·---
916 3495 998 3566 hujus
1011 3493 1079 3570 fign-
1143 3535 1146 3559 .

84 3591 133 3630 rae
150 3589 187 3634 est
203 3581 289 3636 index
305 3579 492 3655 spnshotiens,
512 3590 539 3636 et
556 3583 631 3656 qnod
643 3587 678 3636 ‘in
697 3582 878 3656 generatione
894 3601 990 3640 rorum
1008 3582 1080 3658 pri·

85 3681 152 3718 nas
168 3667 270 3724 habere
290 3655 370 3724 inte'r
390 3668 471 3724 Sinas
489 3669 669 3742 philosophos
687 3671 825 3728 convenit.

150 3755 241 3812 Minus
269 3757 345 3812 dura
372 3765 416 3810 est
437 3755 605 3830 pleniorque
629 3757 775 3830 explicatio
803 3776 874 3834 quae
900 3759 1024 3814 retertur
1050 3758 1080 3816 in

81 3841 159 3898 noris
174 3843 388 3902 commentariis
408 3845 514 3920 regiis,
542 3857 635 3938 estque
661 3845 784 3904 doctoris
802 3843 1018 3932 Pius-ouen.
1054 3847 1081 3902 n
