2546 4274
588 142 632 160 ..
695 49 871 190 432}

222 267 681 336 ottomumaqeenmrn,
711 284 810 336 prorsus
831 277 940 336 utpese
965 269 1075 322 caeteris
1097 281 1220 340 nrpeenr

149 395 153 404 ,
222 362 335 414 videatur
351 359 478 414 babenitss
495 357 527 410 sb
544 357 666 412 omnibus.
701 358 765 412 Nem
782 359 907 412 undenam
925 359 1069 426 prodiit·in
1087 361 1162 414 bunc
1180 373 1220 414 ter·

220 453 283 504 tinas
305 450 435 504 setienlnsn
459 463 578 500 numerus
598 449 651 502 tc?
674 466 727 500 non
748 458 818 500 certe
841 465 872 502 ax
897 451 1009 502 nossetis
1032 452 1132 518 capitis
1155 452 1220 519 buius

219 541 327 596 auleolo
348 555 361 594 t
381 549 407 592 at
425 549 439 590 t
458 537 611 605 praemissis,
636 555 688 589 non
710 537 779 590 enins
793 551 826 593 5⁰
844 538 887 590 sed
906 548 938 596 5⁵
963 539 1023 590 dant
1045 541 1137 605 juncti
1154 541 1220 592 sinn

219 631 318 682 numeri
331 629 395 682 coeli
412 635 436 677 et
454 633 541 678 terrea.
578 625 639 679 Siue
657 643 716 697 ergo
734 643 806 680 csuss
828 627 897 680 bunc
919 628 948 680 in
964 628 1071 679 tertiurn
1088 631 1221 682 articulo:

219 722 331 774 intrusus
352 726 452 785 reponte
475 725 589 785 apparet,
620 717 687 785 quod
711 717 769 768 sstis
784 716 893 784 probem
913 726 985 768 notae
1004 717 1219 785 interpretantis

218 811 286 864 bunc
312 809 402 862 locum.
430 805 553 858 Numerus
581 816 613 860 st
643 807 689 866 (nit
714 807 899 859 Tenon-tre
925 825 981 860 cuns
1008 808 1063 858 suia
1093 825 1110 858 e
1133 810 1217 880 Soup-

219 901 327 959 tcbso)
344 905 381 948 est
397 896 538 966 desumptus
557 913 587 948 es
604 913 692 964 nsapps
717 898 835 948 iio-tou
860 896 907 948 nbi
930 912 1049 948 numerus
1077 909 1093 952 5
1114 900 1217 950 nediu:

216 997 320 1055 occupat
336 995 361 1038 et
374 984 441 1038 velut
459 987 603 1038 circumfert
615 1000 664 1048 stt,
683 987 727 1053 qni
744 995 782 1038 est
798 1001 915 1038 numeros
932 993 1023 1037 terrae.
1043 988 1101 1055 Qui
1116 991 1216 1040 venisset

215 1080 246 1130 sd
263 1075 380 1127 utendum
398 1076 461 1128 Chi
478 1076 607 1128 sortitione
627 1091 671 1126 seu
688 1073 854 1138 divinatione,
884 1083 987 1126 utuntur
1005 1073 1093 1128 selune
1116 1096 1213 1130 nurnero

216 1178 264 1228 sss
280 1163 378 1216 videon
395 1182 454 1234 erpo
472 1181 605 1234 agnoscere
615 1165 637 1216 Τ
646 1164 799 1216 chon-tso
817 1164 885 1215 bunc
904 1163 986 1215 locun
997 1161 1092 1216 saltess
1107 1166 1211 1218 alludere

212 1255 243 1306 ssl
259 1253 360 1321 cui-y
377 1253 497 1306 sortiendi
513 1253 647 1316 rationem,
673 1269 737 1321 quse
760 1270 834 1320 supra
850 1234 970 1320 explicati
994 1261 1046 1314 est,
1082 1272 1136 1306 nac
1159 1257 1211 1308 ulos

210 1351 342 1394 nnmerum
363 1353 394 1398 5⁰
412 1343 494 1410 seipse
511 1343 627 1394 excurrit.
656 1341 761 1410 lsleoque
778 1342 810 1392 ab
834 1341 937 1394 bseiolis
954 1339 1014 1392 tuto
1032 1342 1086 1394 boe
1105 1347 1209 1398 aritltne

210 1429 260 1485 tico
277 1432 435 1484 abutentibus
452 1434 582 1500 Tnyen,
600 1448 702 1502 nsspnse
720 1431 875 1498 expansionis
893 1446 1019 1493 numerus,
1037 1441 1150 1484 eatenus
1159 1435 1208 1485 ‹lici-

209 1528 264 1585 tur,
292 1521 360 1592 quoi
383 1521 467 1574 onnia
489 1522 523 1572 de
545 1521 619 1574 rebus
645 1521 735 1572 futuris
758 1521 869 1574 ducenda
890 1519 1024 1572 ratiocinia
1046 1537 1149 1574 suosne
1169 1524 1207 1574 bse

209 1609 277 1664 velut
301 1629 345 1665 suo
372 1611 467 1664 mbitn
493 1609 679 1678 complectetur.
716 1608 902 1660 'ichen-tae
924 1608 1027 1676 quidem
1045 1611 1155 1663 abnam
1173 1613 1206 1662 bs

208 1701 331 1756 siclorum
355 1711 381 1754 ot
407 1699 484 1752 nurlto
509 1699 613 1766 soprius
635 1698 787 1750 bonoioeusn
812 1714 876 1748 rans
901 1697 975 1748 effata
998 1697 1030 1748 de
1055 1703 1166 1752 sortibus
1184 1709 1205 1750 et

209 1791 349 1860 praestigiis
366 1790 401 1841 ita
418 1788 447 1838 in
463 1787 513 1838 suis
531 1787 713 1840 commentariis
731 1783 849 1858 negligit,
867 1795 896 1837 ut
913 1803 945 1838 nc
963 1798 1091 1840 memoret
1106 1791 1203 1858 qenslen

214 1889 239 1930 st
256 1878 285 1932 in
302 1879 353 1930 suis
370 1877 426 1932 sliis
444 1875 567 1942 opusculis
585 1891 656 1943 saepe
673 1877 702 1928 in
718 1875 775 1928 illos
792 1875 927 1927 invehitur.
944 1877 977 1926 At
994 1875 1062 1930 baec
1083 1879 1116 1930 de
1133 1895 1202 1932 nune

209 1963 245 2020 ris
268 1965 323 2018 locs
340 1972 492 2018 nontamen
516 1964 582 2016 clare
599 1966 743 2033 premmtist
765 1981 817 2016 esso
838 1963 908 2015 inlsa.
943 1963 999 2016 Nec
1021 1967 1137 2033 nnis-nin,
1158 1985 1201 2020 ess

211 2064 297 2108 notum
315 2054 348 2106 sit
364 2071 395 2106 ex
411 2053 484 2106 dictis
500 2063 569 2122 parte
586 2055 681 2122 prins,
705 2055 786 2122 ipsun
801 2066 869 2106 suani
891 2053 1001 2104 hausisse
1020 2055 1164 2110 doctrinan
1179 2075 1201 2106 ex

209 2143 448 2198 chin·tousn
464 2160 523 2196 sero
541 2144 622 2212 reipsa
638 2143 750 2206 boneio,
771 2144 845 2195 etiarn
863 2153 1084 2211 postssnnnptun
1103 2147 1202 2218 nogioni

213 2251 322 2300 nornen,
348 2253 431 2303 aquo
447 2234 540 2304 prodiit
556 2233 622 2286 liber
645 2231 810 2286 Chou·hio
828 2248 987 2282 numerorum
1006 2234 1134 2298 scientis,
1158 2250 1203 2303 pns

209 2323 306 2378 scilieet
324 2337 423 2380 sucrum
442 2320 471 2376 in
495 2321 622 2392 Y-lting
648 2321 894 2386 commentariorum,
926 2319 1004 2372 alters
1026 2341 1089 2389 pers
1114 2335 1204 2378 'nutu

209 2413 398 2485 Siang-bio,
414 2413 549 2482 imaginun
567 2411 679 2477 scientis,
697 2411 785 2464 relicto
799 2409 876 2462 altori
893 2408 1025 2476 discipulo.
1043 2413 1124 2466 Hune
1135 2425 1206 2466 auten

209 2503 241 2554 de
254 2503 362 2554 numeris
377 2501 469 2554 Bonsii
486 2501 686 2556 commentarium
709 2499 771 2552 libri
794 2499 916 2569 Y-kinp
940 2498 1037 2550 clarnos
1065 2513 1105 2554 est
1123 2503 1207 2556 cessari

100 2597 105 2607 “
209 2591 331 2658 inprimis
348 2590 415 2642 eirca
432 2589 505 2658 hujus
523 2591 610 2657 capitis
627 2588 741 2644 anticulis
758 2601 783 2642 et
800 2591 960 2660 sequentibus
980 2607 1114 2658 expressos
1135 2610 1208 2646 nerne-

208 2697 265 2744 ros,
293 2677 344 2730 suis
361 2693 392 2730 ex
408 2679 538 2746 principiis
556 2680 722 2748 explicandos.
749 2681 828 2751 Quens
845 2679 974 2732 edentem
999 2679 1064 2732 facit
1083 2683 1114 2734 in
1134 2683 1210 2751 inspi-

210 2768 284 2820 nibns
301 2783 346 2818 sen
364 2775 396 2822 at
415 2765 518 2837 figuris,
542 2771 687 2836 quassaris
708 2770 804 2822 ordinat
826 2769 855 2821 in
872 2769 1030 2837 quadratam,
1059 2771 1093 2824 in
1112 2771 1210 2826 cirrrtr

210 2873 263 2910 sess
279 2855 398 2920 sornam,
426 2872 515 2926 suque
532 2857 613 2926 deque
630 2859 747 2922 invertit,
771 2859 798 2909 iu
815 2856 875 2908 alias
892 2868 965 2925 atque
983 2857 1047 2908 alias
1069 2868 1212 2914 umarut

210 2961 239 2997 sc
257 2945 325 2998 solut
343 2943 514 3010 transformat,
538 2955 566 2998 ut
589 2961 619 2998 ex
642 2947 680 3000 bis
697 2945 794 3016 eliqnid
811 2956 881 3000 estuat
898 2946 1024 3014 faciatque
1041 2965 1080 3002 ex
1098 2953 1211 3017 Hing

209 3023 355 3106 probabile,
378 3033 448 3088 nullo
467 3043 550 3088 tanen
566 3053 656 3104 operae
673 3037 759 3090 fructu
775 3037 836 3088 haee
852 3037 955 3088 suerunt
970 3045 1104 3107 enrntque
1123 3055 1214 3107 semper

209 3122 302 3178 similis
318 3123 349 3176 sd
372 3124 491 3195 Yising
508 3127 644 3179 conamine.
680 3126 744 3178 Nans
761 3125 822 3178 libri
839 3142 936 3189 sentus,
960 3133 1000 3186 (ut
1017 3127 1074 3193 jam
1093 3144 1214 3198 saepeque

210 3215 304 3268 dictum
322 3222 372 3276 est,
389 3215 555 3284 convenitque
572 3216 639 3268 inter
655 3215 802 3284 interpretes
826 3233 841 3267 s
861 3214 945 3268 sobole
962 3214 1148 3280 Confuciana)
1164 3235 1213 3287 pen

211 3306 253 3357 det
271 3313 336 3357 totus
354 3321 383 3356 ex
402 3304 510 3356 testibus
528 3321 571 3356 scu
589 3305 693 3358 cuilibet
717 3305 811 3375 liguros
826 3305 951 3358 Fobiansc
976 3303 1104 3372 subjectis
1123 3319 1214 3360 senten·

208 3395 265 3458 tiis,
282 3393 337 3445 sina
349 3393 439 3461 quibus
453 3391 546 3466 figures
557 3395 840 3449 nutsesuntetntmsri
854 3391 1035 3459 indifferentes,
1054 3399 1216 3466 qeonvtatus

210 3500 257 3552 pae
273 3499 301 3534 se
316 3489 392 3551 patet.
468 3524 472 3532 .

284 3580 313 3634 t)
330 3570 394 3626 Sunt
411 3571 457 3641 qui
473 3570 518 3624 bot
535 3569 566 3624 dc
583 3571 692 3632 nntneeis
715 3579 795 3625 tantm
819 3590 835 3626 e
853 3571 1082 3626 'schin-toust
1107 3592 1144 3628 ex
1160 3575 1216 3627 Bot-

211 3661 289 3716 sienis
307 3661 431 3732 opusculis
447 3661 508 3713 buic
520 3661 691 3718 conlucisma
704 3662 838 3731 appendici
854 3661 970 3716 iii-tae
988 3661 1218 3732 adscriptsslnissa

211 3751 329 3828 suspicati
350 3752 411 3806 sint.
443 3749 516 3828 Quoi
544 3768 598 3810 nen
626 3753 743 3810 contenit
768 3751 876 3830 tempori
896 3749 1083 3826 0pueutrro=
1114 3751 1231 3811 spontin
