2546 4274
418 173 805 254 ,···lt96·-

154 337 414 400 ‚commemorant
420 377 431 413 ,
457 338 489 395 et
516 325 555 393 ah
576 325 734 394 historicis
760 351 818 420 per
839 347 945 394 ornnes
967 333 1080 396 aetates
1103 321 1164 396 cla·

55 481 57 494 ι
87 481 91 490 »
167 435 296 502 rissimis
319 457 441 502 summo
463 455 615 498 consensu
636 433 843 501 admittuntur
875 445 906 501 et
927 432 1049 501 calculo
1070 435 1165 526 eclip-

167 541 249 608 sium
271 540 429 633 plurium,
453 561 586 628 quarum
597 539 786 622 meminere,
808 563 883 605 vera
901 540 1164 624 demonstrantur,

167 647 222 712 vix
243 648 330 712 enim
351 649 425 712 duas
453 654 552 708 tresve
581 655 635 709 aut
665 643 771 710 saltem
802 667 972 736 perpaucas
1000 657 1080 737 puto
1100 671 1165 712 me

167 753 303 834 morari,
326 772 401 840 quas
424 737 603 838 supputatio
625 772 691 814 non
714 748 866 815 exhibeat.
910 749 1091 817 Dummodo
1111 751 1166 816 ha·

167 855 278 922 beatur
300 853 377 920 ratio
399 851 483 916 initii
506 852 582 917 enni
612 854 696 944 quod
727 852 857 919 historia
885 865 1040 922 mutatum
1063 857 1165 938 docet,

167 961 272 1030 variae
293 955 538 1024 intercalationis
560 955 667 1040 lunae,
689 957 804 1024 diversi
822 956 984 1024 lunarium
1006 961 1166 1026 mensium

169 1063 306 1142 ordinis,
329 1059 517 1127 discriminis
538 1061 623 1127 inter
645 1060 805 1130 observata
830 1075 861 1129 et
881 1077 1057 1156 supputata,
1081 1066 1167 1131 inter
1197 1111 1201 1122 .

169 1165 371 1259 hypothetice
388 1167 468 1234 dicta
484 1179 513 1233 et
525 1167 662 1233 absolute
678 1166 840 1249 conclusa,
864 1179 895 1234 et
911 1169 1166 1235 emendationum

145 1273 203 1338 'in
232 1269 379 1336 methodo
410 1271 576 1337 calendarii
603 1269 767 1362 factarum.
808 1271 859 1337 Ex
886 1273 975 1339 dictis
1011 1272 1166 1366 siquidem

165 1377 230 1465 jam
260 1387 379 1442 constat
414 1375 633 1442 astronomiam
662 1375 746 1442 Sinis
780 1399 846 1442 non
876 1379 1004 1443 eandem
1040 1401 1168 1470 semper

165 1477 278 1562 fuisse,
300 1482 384 1547 undo
405 1479 494 1546 seoilo
516 1492 562 1546 est
583 1480 733 1588 colligere
754 1463 943 1550 mutationes
965 1480 1000 1548 in
1022 1507 1167 1549 annuum

167 1583 378 1652 calendarium
409 1587 494 1677 quod
522 1584 619 1651 secuti
647 1595 720 1651 sunt
741 1561 897 1669 historici,
931 1587 1090 1655 introduci
1117 1589 1167 1653 de·

166 1689 321 1778 huiss03’
311 1715 376 1756 imo
399 1715 457 1756 neo
479 1689 691 1756 calendarium
712 1689 795 1756 idem
814 1691 871 1757 toti
890 1691 1025 1782 imperio
1039 1691 1167 1759 Sinensi

82 1789 118 1860 ,⁸
166 1795 229 1862 fuit
251 1797 378 1864 dirersis
400 1793 611 1885 temporibus,
635 1815 747 1886 nempe
770 1797 852 1862 inter
873 1796 1031 1888 principes
1048 1797 1167 1916 diuque

167 1901 283 1983 diviso,
321 1921 463 2018 quorum
495 1899 710 1990 unusquisque
741 1901 775 1968 in
805 1902 963 1993 occupatis
991 1903 1166 1993 provinciis

126 2061 132 2068 .
166 2004 361 2094 imperatoris
383 1987 474 2070 titulo
496 2004 670 2094 ritibusque
692 2005 862 2072 colebatur.
908 1997 1000 2096 Quod
1022 2031 1091 2098 unq
1113 2006 1167 2072 sal-

101 2147 115 2177 1.
167 2119 231 2174 tom
254 2107 397 2200 exemplo
426 2107 617 2190 illustrabo,
635 2119 742 2176 utres
764 2121 829 2175 tota
850 2111 979 2194 melius,
1010 2111 1168 2201 intelliga-

167 2197 230 2279 tur.
275 2211 389 2280 Secula
425 2213 537 2304 quinto
569 2213 686 2280 familia
721 2213 830 2306 Song
865 2214 1056 2305 imperante,
1093 2237 1167 2306 pars

166 2316 301 2384 borealis
331 2319 457 2410 imperii
486 2317 624 2414 Sinensis
652 2319 783 2409 parebat
808 2307 943 2384 familiae
965 2319 1167 2406 Tartaricae3

168 2449 253 2492 anno
276 2433 340 2496 439
362 2437 414 2500 (ut
434 2437 540 2492 narrat
560 2419 707 2500 historia)
729 2425 1032 2513 Tou-pa-tao1)
1054 2423 1167 2490 nolens

166 2531 264 2598 videri
281 2531 386 2596 minus
397 2529 570 2596 litterarum
586 2530 740 2597 studiosus
750 2553 843 2622 quarn
854 2530 1026 2620 imperator
1040 2529 1170 2596 Ouen-

166 2635 202 2702 ti
224 2633 430 2700 astronomiae
452 2635 667 2702 reformandae
689 2659 804 2701 munus
826 2633 979 2728 imposuit
1001 2633 1063 2698 suis
1087 2631 1170 2698 litte·

127 2816 131 2824 ‚
167 2739 259 2822 ratis,
282 2749 312 2804 et
333 2737 489 2830 imprimis
512 2739 628 2807 celebri
649 2735 875 2806 Tenui-han
900 2737 954 2830 qui
976 2737 1075 2813 (inter
1092 2737 1169 2813 alia)

167 2851 372 2938 quoscunque
400 2845 543 2912 invenire
573 2845 677 2937 potuit
706 2844 913 2911 astronomiae
942 2843 1038 2910 libros
1065 2853 1099 2908 et
1120 2865 1170 2908 ca·
1253 2873 1254 2892 ι

167 2949 308 3018 landaria
330 2949 474 3041 collegit,
497 2952 535 3018 ad
557 2971 684 3016 examen
708 2951 882 3032 revocavit,
906 2971 1014 3014 omnes
1036 2947 1170 3037 eclipses

147 3055 281 3123 ,solares
303 3067 335 3122 et
356 3055 499 3138 lunares,
522 3055 587 3121 imo
614 3068 645 3122 et
674 3055 814 3146 quinque
843 3053 1038 3144 planetarum
1060 3063 1171 3118 motus

168 3159 317 3252 aprimis
345 3161 431 3226 Han
460 3145 608 3252 dynastiis
641 3163 678 3226 ad
707 3182 794 3226 suam
823 3169 971 3240 aetatem,
1001 3155 1173 3247 sigillatim

167 3277 278 3335 notens
292 3287 425 3348 errores,
447 3265 611 3357 inquirens
627 3263 661 3329 in
679 3287 792 3330 eorum
805 3285 929 3342 causas,
952 3261 1173 3328 correctiones

168 3374 292 3440 docens.
337 3370 459 3444 Quibus
496 3370 580 3436 curis
617 3367 719 3435 effecit
754 3379 790 3435 ut
822 3365 1032 3433 calendarium
1071 3365 1174 3432 fuerit

167 3477 328 3572 prioribus
364 3473 542 3541 accuratius
571 3473 702 3540 nabditis
741 3471 789 3540 sui
820 3469 972 3564 principis
1010 3469 1045 3534 in
1079 3481 1174 3562 parte
1253 3551 1254 3562 ἵ

167 3584 315 3653 Sinasum
337 3573 475 3664 horo‘ali,
498 3605 593 3672 quarn
614 3578 765 3676 socshant
785 3575 956 3672 imperium
969 3573 1091 3664 Ouci,
1116 3585 1176 3646 aut
1253 3569 1254 3630 ἶ

179 3725 377 3760 Γῆ...-

207 3808 236 3866 t)
254 3797 283 3857 ln
299 3791 496 3869 tons-tiss.
