2562 4282
496 119 814 232 'gm-

180 309 314 402 aliquos
322 335 438 404 psuoos
460 336 595 406 quorum
616 313 716 380 sdlsuc
743 339 858 384 nomen
880 314 1000 382 celebre
1022 325 1069 382 eat
1091 315 1172 382 cadit

178 417 314 504 ejusdem
337 419 457 484 Mencii
480 417 655 484 conclusios
684 419 819 500 „auditis
841 421 1013 485 mundanae
1015 443 1171 514 pompeo

178 511 422 588 contemtoribus
457 521 593 612 improbi
630 521 667 588 ed
705 523 817 588 bonern
857 521 983 612 frugem
1026 521 1169 623 redeunt

178 625 350 692 effraenatis
383 625 603 744 cupiditatibus
631 627 757 692 modum
769 638 928 720 ponunt,
963 627 1169 715 immodernti,

177 725 384 795 inconstantes
421 730 452 794 in
486 729 610 796 virtutis
646 733 767 796 tandem
798 731 1008 822 adipiscendae
1040 681 1171 798 consiliii
1269 813 1270 824 ἵ

179 831 319 905 solarium
342 832 535 904 confirment.
581 833 700 927 Similis
733 833 848 898 liabent
869 835 1054 924 interpretes
1076 835 1171 923 hujus

160 936 256 1026 ¹locis
290 935 441 1016 „illorum
464 938 584 1004 animus
614 961 677 1002 non
702 937 843 1028 sequitur
871 961 1005 1030 eorpos3
1041 939 1171 1029 perinde

177 1051 249 1107 sunt
279 1065 314 1107 so
342 1041 367 1107 si
396 1053 496 1108 essent
526 1041 591 1108 sine
620 1063 774 1132 corpore,
807 1043 844 1106 ed
865 1043 948 1132 quod
969 1065 1081 1133 nempe
1105 1065 1171 1110 non

177 1145 353 1228 attendunt,
377 1169 565 1240 quocunque
587 1157 657 1210 ennt
676 1145 805 1236 perinde
826 1151 862 1210 s'c
884 1143 909 1212 si
930 1169 996 1211 non
1018 1146 1169 1214 viderent,
1269 1189 1270 1212 t

145 1274 147 1284 ι
175 1247 219 1314 ite
241 1271 274 1314 se
294 1260 418 1339 gerunt.
451 1251 524 1316 Non
547 1261 685 1342 spectant
707 1250 758 1315 sed
779 1249 948 1331 rationem,
972 1273 1035 1315 non
1051 1263 1171 1318 nomint

176 1351 238 1418 nisi
272 1355 354 1445 quod
387 1367 507 1434 rectum
544 1366 598 1418 est.
642 1353 710 1419 lloc
745 1353 935 1443 exprimitur
967 1353 1169 1420 similitudine

53 1529 56 1536 .
176 1457 275 1540 torsi,
305 1459 378 1550 quie
398 1458 527 1539 ocutus,
564 1457 664 1538 auris,
696 1476 746 1538 os,
778 1475 868 1522 nesns
891 1455 1008 1523 hebent
1027 1461 1112 1548 qood
1132 1471 1170 1526 ut

176 1562 292 1654 cuique
313 1563 480 1655 proprium
503 1571 644 1652 appetet,
669 1562 798 1628 dorsum
820 1561 950 1628 minime
973 1561 1053 1628 nihil
1075 1563 1168 1644 ridet,

176 1665 257 1734 nibil
278 1665 464 1759 appetit,'in
484 1667 610 1732 dorsum
635 1663 765 1754 supinus
787 1664 909 1732 coelum
931 1665 1033 1735 solum
1053 1666 1169 1734 videte

175 1773 219 1840 lta
233 1771 342 1865 optimi
355 1769 472 1862 quique
495 1770 683 1859 interpretes
706 1769 957 1861 ching·tse
972 1769 1166 1838 etcheo
1220 1815 1223 1822 ·

175 1889 250 1960 tse,
273 1873 435 1940 Mencium
456 1873 536 1940 sorte
559 1873 666 1938 secuti.

264 1978 430 2044 Gestorum
445 1965 661 2044 erlino-tao
683 1989 714 2042 et
735 1973 1045 2069 Tchou·sng·tse
1067 1977 1167 2048 multo

175 2083 270 2175 plura
300 2091 330 2148 et
357 2106 375 2146 a
402 2099 494 2148 sensu
515 2082 675 2148 communi
696 2081 864 2153 remotiore
890 2081 954 2148 buc
976 2082 1097 2174 qssidsm
1118 2107 1164 2146 re-

175 2185 252 2254 ferri
279 2195 426 2278 possunt,
462 2209 542 2277 quae
572 2185 623 2251 sal
649 2184 723 2278 ipsis
752 2185 947 2278 rigidissimis
976 2183 1162 2277 antiqnitatit
1210 2197 1212 2204 ’

92 2299 107 2353 ,·
174 2301 297 2359 nostm
312 2287 424 2356 Stoicis
430 2289 621 2382 Cynicims
632 2290 813 2356 siderentur
828 2291 996 2380 pes-adom
1018 2301 1050 2356 at
1066 2291 1166 2356 obser·

175 2396 308 2464 sendum
338 2407 383 2462 est
412 2393 522 2461 mundi
553 2393 730 2484 saeculique
757 2393 866 2484 lugam
895 2394 932 2458 de
955 2393 1167 2484 (pusillorum

174 2499 318 2569 schole
308 2523 370 2598 jam
391 2499 565 2580 Homolen,
595 2498 700 2563 Teo·
707 2497 770 2562 leia
791 2497 888 2578 diota,
910 2509 974 2562 tam
995 2497 1101 2564 multis
1123 2497 1167 2562 lo-

60 2599 62 2605 ’
173 2603 298 2694 quitur,
320 2589 455 2668 meltum
477 2601 600 2668 differre
623 2622 640 2666 s
662 2601 803 2668 doctrine
824 2601 1031 2671 litteratorum
1054 2613 1086 2666 et
1107 2601 1165 2666 im·

174 2707 287 2800 primis
322 2705 536 2795 antiquorum
580 2704 649 2770 llle
667 2705 822 2772 soliterioa
854 2705 960 2797 potius
992 2705 1106 2772 format
1137 2717 1169 2772 et

173 2811 326 2904 quidem
315 2821 403 2899 Juxts
417 2809 546 2876 illorum
562 2821 742 2900 praecepte,
764 2834 830 2876 uno
844 2833 917 2876 susc
930 2810 1042 2900 quietis
1059 2833 1168 2876 amore

44 2950 46 2959 ·
174 2913 297 2984 sssoulo
326 2913 528 2994 abstinentes,
562 2913 652 3004 sique
682 2913 790 2980 inertis
820 2913 874 2980 otii
896 2916 1057 2980 comnsoda
1077 2938 1168 3004 prse-

174 3021 325 3110 serentes,
354 3029 417 3084 tots
447 3017 511 3083 vita
532 3017 655 3084 otiosos.
699 3020 746 3084 At
766 3016 844 3084 haec
867 3018 1018 3109 principis
1040 3017 1167 3084 Ouen-

168 3139 307 3214 soang
335 3133 592 3215 caeterorumque
607 3121 792 3220 sapientum
820 3122 959 3188 doctrine
980 3145 1018 3188 eo
1038 3133 1167 3212 spectet,
1269 3199 1270 3216 ἒ

172 3241 227 3312 ω,
259 3227 316 3320 qui
342 3227 379 3293 ad
410 3249 540 3292 munera
572 3212 768 3318 seliguntur,
801 3213 857 3291 illa
885 3227 959 3292 dum
986 3225 1168 3308 sdanittunt‚

130 3425 131 3432 ἵ
174 3334 235 3402 aios
255 3332 298 3398 its
325 3331 430 3398 enimo
452 3332 620 3421 comparati
641 3330 833 3421 proprioque
854 3354 959 3396 amore
982 3329 1089 3412 semsi,
1129 3339 1170 3396 ut

173 3457 232 3506 osc
254 3457 326 3504 suae
348 3433 460 3526 quietis
481 3459 540 3500 neo
562 3435 733 3504 amicorum
751 3433 892 3501 utilitatis
909 3436 960 3502 sed
977 3433 1071 3500 solius
1088 3432 1170 3500 boni

173 3539 294 3636 publici
315 3539 467 3606 rationem
488 3538 631 3606 babeant.
662 3538 839 3606 Admittunt
859 3539 1023 3658 dignitates
1040 3537 1169 3629 quendo

173 3646 279 3729 vibret
303 3643 424 3736 populo
452 3645 611 3734 prodesse
602 3689 612 3730 ,
642 3667 690 3709 aas
719 3643 923 3736 dimittunt
899 3663 966 3708 sane
987 3639 1171 3708 barbationi
1269 3699 1270 3708 ,

128 3821 139 3832 ,
174 3748 334 3840 uinique
365 3747 578 3841 aegritudine,
616 3747 809 3924 megnenini
843 3745 961 3816 scilicet
993 3745 1172 3837 liberique·
1269 3781 1270 3814 ι
