2376 4284
835 197 851 233 l

517 278 567 312 ,-·
633 244 695 317 372
763 279 804 296 ··

168 402 273 492 vellet,
294 397 464 478 substitutis
486 395 519 466 in
539 396 747 466 horumloee
765 399 957 492 sepientihus,
975 411 1006 470 et
1023 399 1063 472 ob
1076 425 1183 472 suun

121 567 125 582 ,
152 509 326 602 'insigmm
336 503 524 598 probitatem
539 501 676 570 maximo
694 524 820 592 proque
834 503 1030 596 magistratu
1049 505 1181 596 dignis.

257 615 359 687 Quem
378 605 582 672 mutationem
598 604 773 671 ed‘bonum
793 627 960 673 commune
981 611 1095 700 magni
1113 610 1182 679 im-

167 716 279 812 primis
300 710 448 780 momenti
470 721 536 776 turn
558 710 625 800 ipse
647 708 926 802 Ouen-oueng
947 711 1059 778 euisin
1077 739 1178 806 pree·

167 820 275 912 ceptis,
298 828 365 882 tum
386 813 453 904 ipss
472 811 645 880 Confraoius
667 814 702 880 in
723 811 812 881 libris
833 813 993 881 inmel'eere
1014 839 1083 882 non
1106 841 1177 884 ees

168 936 223 992 με.
266 917 364 1009 ipsius
397 915 567 1007 discipulus
589 915 738 1007 'Psing.·
750 928 808 986 tse
839 917 1037 1008 principibus
1070 923 1175 988 vertit

168 1021 305 1105 crimini,
328 1020 354 1088 si
375 1020 409 1086 in
429 1019 490 1086 hoo
511 1019 670 1110 segniores
692 1043 724 1086 se
745 1019 918 1086 exhibeent.
948 1021 1090 1096 „Videre
1115 1048 1173 1090 eeu

167 1151 278 1223 „nosse
299 1125 435 1216 aliquem
455 1145 529 1192 rere
542 1122 678 1212 probum
696 1133 727 1191 et
742 1125 913 1214 sapientem
933 1136 965 1208 et
986 1147 1050 1190 non
1072 1126 1176 1194 illum

132 1228 134 1236 ’
167 1232 270 1312 „velle
291 1228 433 1310 evehere,
455 1224 506 1294 vel
528 1226 658 1297 evehere
679 1226 806 1318 quidem
828 1229 880 1294 sed
901 1227 1028 1312 tardius,
1048 1241 1102 1296 est
1125 1232 1172 1298 in-

166 1336 305 1428 „juriem
325 1332 427 1400 fecere
449 1329 653 1422 reipublicae.
696 1329 757 1396 Sed
779 1343 897 1414 contre,
919 1331 1028 1399 ridere
1049 1333 1174 1426 irnpro

168 1443 267 1520 „bum
296 1448 328 1506 et
354 1449 459 1504 temen
479 1433 563 1502 nolle
584 1457 698 1498 eume
728 1435 879 1526 dignitete
905 1459 1088 1522 removero,
1120 1439 1172 1506 vei

168 1565 352 1622 „removere
373 1541 499 1631 qraidem
521 1539 659 1608 sednon
680 1537 796 1630 longe,
818 1538 939 1606 crimen
960 1551 1040 1607 esee
1084 1543 1171 1615 Qua

168 1661 298 1742 propter
319 1647 378 1712 hee
404 1645 440 1710 in
460 1665 496 1708 re
516 1641 773 1734 diligentissimus
794 1641 855 1708 fuit
872 1642 1167 1738 Quen-oueng,

168 1767 280 1824 euetor
300 1745 497 1843 epigraphes.
542 1745 628 1814 Dum
649 1745 736 1828 risit,
759 1745 854 1814 fuisse
875 1761 1026 1814 ner-retur
1047 1751 1169 1841 sepiem

169 1872 240 1927 tum
259 1879 331 1924 eosr
352 1852 573 1944 investigator,
602 1852 688 1918 etin
710 1851 774 1917 illis
796 1853 1018 1942 promovendis
1040 1855 1080 1920 ed
1100 1881 1167 1920 mu·

159 1977 262 2045 nere,
284 1968 367 2052 quea
384 1966 473 2024 erent
492 1955 528 2022 in
547 1953 645 2046 ipsius
666 1960 832 2046 potestate,
862 1957 974 2048 spretis
997 1958 1094 2024 etiem
1113 1981 1166 2050 po

169 2067 342 2136 tentiorum
362 2059 517 2153 precibus,
540 2058 665 2150 tyranni
677 2059 781 2141 minis,
801 2060 920 2128 inrioto
941 2059 1050 2127 animo
1068 2085 1160 2153 gene
1184 2047 1185 2070 ¹

154 2163 277 2269 ¹rietus,
305 2165 522 2235 oonunendens
550 2166 679 2230 eandem
709 2186 818 2230 eurem
845 2163 968 2255 optimo
1000 2165 1065 2234 filio
1091 2167 1163 2231 Ou-

169 2299 319 2367 oueng,
347 2297 368 2338 e
398 2293 462 2363 quo
490 2269 612 2336 tendem
633 2269 777 2334 effectam
797 2277 859 2352 sat,
888 2279 925 2336 ut
946 2293 1057 2336 omnes
1078 2269 1162 2361 previ

170 2380 356 2474 magistratu
382 2375 520 2456 abirent,
556 2374 815 2462 succederentque
844 2371 999 2464 sepientes
1030 2397 1162 2465 veruque

169 2483 297 2577 megni,
319 2503 455 2571 surisque
476 2475 607 2569 proinde
630 2476 743 2567 cuique
764 2476 983 2544 restitueretur
1004 2479 1084 2544 ordo
1094 2527 1106 2561 ,
1126 2501 1162 2542 ne

170 2589 228 2680 qui
248 2607 321 2656 vara
343 2583 483 2674 sepiens,
504 2580 681 2670 insipientie
714 2579 867 2670 optimus,
889 2581 1160 2670 pessim0310rtis,

169 2689 307 2784 ὶζιιινος
328 2709 483 2777 megnus,
505 2706 621 2774 perro,
653 2709 780 2775 magna.
797 2683 923 2774 imperii
952 2686 1160 2764 subversione,

170 2818 282 2886 perere
303 2803 479 2882 cogeretur.
524 2789 670 2855 Monstro
692 2788 843 2880 siquidem
864 2789 966 2854 simile
989 2803 1056 2873 est,
1079 2791 1160 2879 juxta
1183 2843 1184 2854 ,

172 2895 362 2966 Centenium
383 2892 478 2982 hujus
499 2891 561 2958 loci
581 2892 794 2982 interpretem,
815 2903 852 2958 ut
868 2893 923 2982 qui
935 2893 1022 2960 intus
1037 2895 1162 2986 sepiens,
1183 2925 1184 2960 a

171 3013 275 3069 rectus
296 2999 446 3088 fortisque
468 3009 546 3078 est,
564 2996 700 3062 exterius
720 3019 813 3087 egere
835 2995 1038 3087 insipienter,
1070 3017 1161 3089 prere
1183 3007 1184 3011 ’

170 3108 346 3199 igneusque
367 3107 508 3188 (ooeotus
523 3100 638 3167 seilicet
659 3125 677 3165 e
698 3099 855 3190 superiori
875 3106 1046 3191 potestete)
1066 3101 1162 3169 sidee-

92 3251 95 3258 .
171 3221 236 3294 tur,
256 3209 340 3277 intus
360 3207 492 3297 Yang,
514 3217 600 3271 extre
621 3205 689 3287 Yn,
710 3205 794 3270 intus
816 3205 976 3287 resistens,
1009 3217 1098 3272 extre
1117 3227 1158 3268 oe

172 3317 257 3398 dens,
279 3312 363 3377 intus
384 3309 519 3401 sapiens,
542 3321 628 3374 extre
649 3307 810 3398 desipiens.
856 3310 981 3382 Quento
1003 3311 1098 3376 setius
1119 3311 1158 3368 est

173 3417 389 3484 confusionem
410 3413 535 3496 tollere,
562 3412 725 3508 efficiendo
747 3423 783 3478 ut
804 3411 855 3477 lex
875 3412 1023 3502 sepientis
1045 3407 1157 3501 megui-

172 3545 235 3616 qus
253 3522 373 3602 doreet,
394 3517 445 3585 lex
465 3516 555 3609 perri
576 3538 631 3584 seu
651 3515 828 3606 insipientis
849 3513 1046 3605 dependetur.
1078 3509 1158 3582 Nihil

173 3649 251 3718 ergo
272 3624 411 3718 apertius
432 3645 523 3690 sensu
544 3621 801 3712 epiphonematis,
823 3641 991 3711 pervum
1011 3621 1154 3692 vedere,

173 3753 356 3822 magnum
378 3725 526 3808 venire,
548 3737 604 3792 est
624 3725 725 3790 bone
746 3723 990 3818 penetratio.
1020 3725 1093 3790 Inde
1110 3743 1154 3811 po-

172 3833 243 3926 puli
262 3836 300 3900 ed
321 3833 435 3900 bonam
458 3829 584 3920 frugem
597 3829 759 3898 conversio
774 3851 895 3928 pasqua
906 3829 1035 3922 imperii
1045 3843 1152 3898 summ·
