2546 4274
373 120 837 214 ''fison--

32 273 44 338 ⁵·
105 347 110 352 -
202 307 338 366 ”tutem
354 301 472 364 mulsia
492 302 538 361 est
558 292 757 386 septuaginta
778 247 918 376 vicibus,
953 299 1036 364 eli
1058 297 1192 360 altono·

168 419 180 470 .‘
204 403 268 470 r'nie
289 390 463 496 magistris,
485 408 516 463 et
536 421 576 464 ex
597 421 707 466 eonun
727 396 834 466 schole
855 399 892 465 ad
904 394 1045 464 tribunal
1062 419 1191 486 assump-

73 503 77 514 ’
146 542 151 551 ’
204 508 244 576 tis
272 503 441 600 discipulis.
486 502 542 568 llis
573 501 663 568 nonis
692 525 816 577 summa
839 519 934 584 cora,
963 523 1057 598 quae
1072 499 1169 584 hoc'
1160 525 1192 568 ιι

204 637 344 706 genere
345 612 402 680 sub
423 607 489 676 aliis
512 605 659 698 dynastiis
681 599 785 674 fa'cta
792 620 879 690 sunt,
912 605 1134 698 expendimus,
1165 617 1193 672 et

201 721 334 811 denique
364 715 446 781 inter
475 735 532 779 nos
561 711 746 798 conclusum
773 723 834 793 est,
868 721 984 830 septem
1006 711 1193 778 imrnutenda

127 813 150 838 i
200 825 319 926 capita,
352 819 492 912 quinque
521 817 559 884 de
581 825 664 884 novo
697 817 836 884 eddenda
856 815 957 906 priori
979 817 1192 900 astronomiae,

93 919 98 930 ⁵
200 941 237 996 ut
258 951 324 994 eam
345 947 439 1014 quam
460 919 652 988 offerimus
644 945 679 988 sn
701 943 793 988 usum
815 919 940 1013 imperii
962 931 1018 986 tuo
1040 921 1129 1008 jussu
1149 921 1191 988 in·

200 1029 387 1110 duoondsrn,
420 1025 474 1092 ille
503 1025 596 1102 etism
618 1047 698 1124 quae
718 1026 859 1092 habuere
880 1025 1001 1116 antiqui
1022 1026 1192 1094 nunnoni

198 1132 362 1203 subtiliora
383 1129 608 1222 complectatur
629 1132 723 1196 etita
744 1123 880 1221 perlecto
893 1119 1032 1221 prodeat,
1053 1130 1192 1198 utnulla

196 1238 344 1333 deinceps
362 1234 585 1324 reformatione
605 1235 747 1342 indigere
770 1235 901 1326 possit“

281 1341 330 1408 Ex
358 1341 405 1408 his
435 1340 542 1434 paucis
575 1351 660 1406 certo
696 1339 859 1432 colligitur
890 1339 1048 1408 multas
1039 1367 1075 1412 m
1105 1341 1192 1410 libris

195 1447 412 1516 astronomicis
451 1443 617 1512 tribunalis
645 1444 855 1512 mathematici
881 1445 1069 1514 mutationes
1099 1447 1191 1516 fuisse

193 1551 304 1636 lectas,
339 1564 432 1645 etque
464 1551 541 1618 adeo
556 1549 691 1638 *diverse
718 1549 813 1616 etiam
835 1551 940 1616 eadem
962 1562 1061 1618 aetate
1084 1552 1191 1620 Calen-

193 1637 280 1726 ιιι.
301 1659 385 1752 apes
406 1658 495 1724 ιι...
516 1655 664 1746 vigens.
709 1655 799 1725 oen
828 1653 911 1720 „iao
932 1656 1051 1724 msmm
1070 1669 1135 1746 «ert,
1166 1659 1191 1726 s

192 1764 340 1832 dissensio
355 1762 457 1854 alique
472 1761 650 1850 reperiatur
666 1760 756 1826 inter·
766 1771 918 1842 auctores,
938 1771 1005 1826 tum
1020 1761 1098 1828 dum
1116 1763 1190 1830 rele-

191 1879 268 1936 runt
291 1863 456 1956 praeterita
476 1875 506 1929 et
523 1865 665 1959 entique,
688 1875 755 1932 turn
769 1865 844 1932 dum
859 1863 1003 1932 referunt
1017 1869 1191 1956 praesentia

82 2053 85 2063 1
191 1984 223 2038 et
252 1991 343 2034 nora.
387 1969 421 2034 ln
443 1968 579 2060 antiquis
601 1995 631 2036 r.
655 1995 687 2060 g.
710 1968 876 2061 eclipsibus
895 1993 993 2059 quae,
1016 1981 1053 2038 ut
1072 1973 1154 2055 dixi,
1174 1997 1190 2039 ι

190 2071 410 2142 Tsoui-heo
426 2072 554 2166 aliisque
569 2076 628 2141 sub
641 2075 735 2142 variis
746 2073 1087 2165 dynastiis'illostribus
1098 2089 1189 2144 astro

138 2224 144 2256 ,
189 2179 290 2248 nomia
309 2179 346 2244 sd
360 2175 515 2270 specimen
530 2203 602 2245 suae
617 2180 747 2270 peritiae
758 2179 911 2246 edendum
927 2192 1097 2302 supputata
1111 2194 1191 2266 sunt,

97 2364 103 2379 x
189 2285 341 2378 quidquid
364 2283 524 2374 reperitur
545 2283 675 2370 dissidii,
694 2283 906 2373 rejiciendum
929 2286 1031 2352 estin
1056 2288 1191 2374 diverses

188 2413 296 2458 eorum
319 2389 500 2470 methodos,
530 2412 609 2478 quse
630 2413 695 2454 non
716 2387 828 2454 melius
850 2400 881 2454 et
901 2375 1118 2480 probabiliter
1138 2393 1193 2460 mi·

187 2519 246 2561 nus
268 2495 350 2560 inter
372 2513 403 2557 se
425 2493 669 2576 conveniebant,
693 2508 786 2584 quem
808 2503 932 2562 nostrae
951 2493 1077 2562 tabulae
1095 2511 1193 2566 estro-

186 2583 329 2665 nomicee
352 2569 473 2662 diverso
496 2607 636 2688 tempore
661 2600 777 2718 editoe,
800 2597 948 2673 Ptolomai
942 2623 1020 2684 ceo,
1044 2601 1193 2694 Alpheo

86 2685 92 2696 i
187 2701 271 2768 sinae
300 2711 509 2791 noeteraoque,
561 2701 595 2768 ln
628 2703 716 2770 novis
751 2703 976 2799 phoenomenis
1011 2706 1194 2774 referendis

185 2803 335 2872 dissensio
366 2803 446 2870 eriri
475 2806 577 2896 potuit
606 2830 645 2874 ex
673 2808 802 2874 diversis
824 2808 1015 2896 Calpndariis
1045 2811 1197 2900 ejusdem

94 2945 109 2962 ,ι
154 2973 156 2978 ,
186 2909 291 2976 aetatis
314 2931 393 3000 queo
415 2910 513 2976 secuti
535 2921 607 3003 spnt
628 2935 692 2978 non
713 2910 809 2983 iidem
828 2923 980 2980 auctores.

271 3013 362 3080 Licet
384 3025 488 3080 autem
509 3008 702 3106 scriptorum
720 3017 868 3084 dissensio
885 3018 976 3086 etiarn
989 3016 1025 3088 in
1046 3021 1200 3088 nonnul·

183 3115 222 3185 lis
251 3120 340 3184 annis
370 3143 464 3210 quam
491 3119 523 3184 Ρ.
554 3119 726 3211 Couplet
716 3147 750 3188 ιιι
778 3123 915 3202 Sinensis
945 3121 1200 3220 Chronologine

174 3222 279 3314 opeic
303 3221 468 3316 aliquando
489 3224 628 3307 notavit,
656 3225 821 3316 iliquando
843 3226 1076 3328 negligendam
1099 3243 1203 3322 puta·

180 3327 244 3410 rit,
268 3327 354 3395 loris
364 3329 505 3396 rideatur
527 3321 729 3422 scriptoribus
752 3331 911 3398 ennelium
939 3343 971 3400 et
991 3349 1204 3416 commenta-

181 3432 322 3522 riorum,
360 3441 391 3497 et
428 3433 462 3497 in
502 3443 548 3500 tot
583 3459 746 3502 annorum
771 3437 953 3504 interuallis
969 3461 1112 3528 perrara
1147 3444 1209 3524 sit,

65 3601 67 3610 χ
180 3515 387 3604 nihllcminus
410 3537 546 3604 oiloulos
567 3561 691 3606 versare
712 3540 828 3608 volenti
850 3545 888 3608 ad
910 3553 1054 3618 veterum
1081 3546 1207 3614 obser·

177 3642 353 3710 vationum
347 3639 570 3734 historiaeque
603 3643 696 3711 fidem
717 3645 908 3736 probandam
930 3647 1038 3714 omnia
1063 3649 1207 3744 sigilla·

181 3743 294 3812 imod
315 3743 463 3816 minuties
484 3771 584 3842 osque
605 3749 825 3820 ¹consideranda
847 3752 1005 3820 suntsi
1026 3760 1240 3850 supponit
