2546 4274
339 185 394 262 ζ
462 209 503 247 ..;
569 194 633 264 tte
698 223 741 246 ·-·
856 185 857 188 “
919 243 922 250 .

112 353 270 420 continere
282 351 406 436 debeat,
428 362 466 416 ut
487 321 535 416 rel
558 373 595 416 ex
616 313 708 416 titirio
730 356 822 439 petet,
842 345 1008 436 Lon-pu
1029 353 1102 411 sunt

112 480 269 525 sermones
286 457 406 522 ratione
422 455 577 537 conclusi,
600 453 823 532 rstior'rsnu‘um
842 463 894 518 eut
915 451 1018 542 potius
1032 447 1102 540 phi-

110 560 342 652 losophantium
364 559 532 652 colloquia,
556 559 805 650 apophtegmata,
828 556 1003 636 sententiae,
1027 577 1104 645 quo-

7 699 12 736 r
113 690 176 758 quo
198 667 290 730 modo
311 665 340 730 is
360 675 500 731 vertatur
521 663 632 744 iatine,
655 663 790 744 ciarum
806 663 851 727 est
872 661 1042 736 multorum
1065 681 1104 723 ex

7 813 12 840 r
112 762 200 836 dictis
214 769 431 860 sententiisque
443 770 620 834 contextum
631 749 783 858 supponi,
809 778 899 856 atque
910 767 984 832 adeo
999 763 1104 832 distin·

7 937 8 946 ,
112 875 251 966 guendes
274 897 337 940 esse
366 874 613 962 uniuscujusque
642 871 769 936 nomine
797 869 974 956 sententias,
1007 865 1104 958 expli·
1134 873 1143 884 “

112 979 283 1070 condasque
315 979 436 1072 quoties
472 977 600 1042 timetur
632 975 801 1041 obscuritas
808 1023 819 1058 ,
857 975 899 1040 ite
925 971 1112 1067 'quaerendi¹
1191 979 1198 996 '

111 1105 237 1164 causes,
273 1085 356 1174 quod
388 1093 544 1173 praestant
566 1081 694 1172 egregie
724 1079 867 1170 discipuli
889 1079 1104 1168 Tseng·tse

110 1187 303 1270 Tse-isia,
344 1185 578 1278 Tse-kong,
619 1185 809 1266 Fan-chi,
848 1183 1105 1272 Tse-tohang

7 1337 9 1354 2
110 1282 335 1373 Tse-teion‚
366 1290 537 1356 Tse-lou
569 1313 654 1356 nuno
684 1284 912 1382 interrogantes
942 1299 980 1355 ut
1001 1296 1032 1377 se
1054 1285 1106 1354 dat

7 1441 10 1480 p
112 1396 247 1478 occasio,
269 1419 355 1461 nuno
370 1417 518 1488 responsa
530 1394 597 1460 siiis
615 1390 806 1486 explicantes
817 1393 1104 1486 confirmantesque

111 1499 201 1566 Nihil
222 1509 325 1565 autern
346 1498 398 1565 hic
427 1499 527 1564 simile
559 1509 613 1592 est.
659 1498 831 1564 Confucius
859 1497 942 1564 scius
963 1497 1106 1588 loquitur
1144 1513 1148 1520 '

7 1607 29 1676 s
112 1615 267 1670 ettamen
297 1603 469 1671 continenti
497 1604 639 1670 oratione
668 1603 828 1696 appeliant
848 1599 1105 1689 „Confucium3“

7 1733 8 1736 ¹
101 1707 237 1774 “nulium
258 1705 321 1773 huo
343 1710 505 1775 adducitur
526 1711 563 1774 ad
580 1709 756 1798 propositae
773 1708 942 1774 sententiae
963 1720 1016 1774 aut
1033 1707 1106 1772 iliu·
1122 1734 1137 1814 ,¹

112 1811 292 1878 strationem
315 1824 368 1876 eut
388 1813 604 1902 probationem
632 1837 670 1877 ex
699 1812 834 1904 antiquis
862 1809 950 1877 libris
972 1811 1107 1877 testimo·
1192 1825 1206 1860 ι·

7 1975 8 1980 ,
111 1916 221 1998 nium,
249 1928 285 1982 ut
306 1909 342 1982 fit'
363 1916 398 1980 in
420 1915 501 1982 libro
524 1915 692 1999 Te·hio‚
724 1917 814 1982 nuile
844 1915 988 2006 magistri
1017 1915 1106 1982 dietis
1205 1935 1207 1940 '

112 2021 250 2110 subjectu
285 2045 304 2086 a
337 2032 415 2087 noto
446 2019 599 2112 discipulo
633 2021 799 2111 expositio,
835 2023 919 2114 quod
955 2021 990 2086 in
1022 2016 1105 2086 libro

111 2123 590 2217 Tchong-yongTse-sse
613 2123 881 2220 observetprecte
900 2126 1010 2215 itaque
1033 2147 1106 2191 con·

40 2255 44 2258 ·
111 2227 209 2294 cludit
229 2229 351 2316 glossa,
374 2253 453 2318 opus
475 2228 537 2294 hoc
558 2253 623 2295 non
644 2237 734 2320 posse
757 2231 851 2296 asseri
875 2230 1047 2315 Consucio‚
1080 2228 1107 2294 si

111 2355 234 2422 semper
256 2331 367 2398 habuit
388 2331 443 2398 hes
464 2357 574 2400 voces:
605 2333 777 2400 Confucius
807 2335 859 2400 ait.
905 2337 1106 2423 Quapropter
1193 2320 1198 2338 '
1225 2347 1227 2354 ’

112 2457 187 2500 mox
207 2433 307 2517 eddit,
331 2436 412 2531 sorte
435 2437 548 2503 sddites
569 2433 663 2504 fuisse
681 2463 698 2504 a
714 2438 939 2530 posterioribus
955 2437 1105 2518 litteratis,

110 2539 198 2607 nulia
219 2541 525 2612 tamenauctoritate
549 2542 669 2632 antiqui
691 2555 745 2608 aut
767 2541 927 2632 scriptoris
949 2553 1002 2608 eut
1024 2541 1106 2609 codi-

110 2645 153 2712 cis
175 2667 263 2710 suern
285 2643 414 2710 firmans
443 2645 641 2736 opinionem,
675 2649 726 2712 sed
756 2647 880 2714 dubiam
912 2645 1105 2736 relinquens,
1227 2655 1229 2660 '
1264 2679 1265 2696 r

108 2772 149 2816 ne
170 2761 291 2816 textum
320 2760 404 2815 certo
436 2749 550 2815 falsum
577 2750 777 2841 interpretari
805 2750 966 2833 videatur,
998 2749 1107 2815 labore

111 2853 162 2921 vei
192 2851 300 2920 inutili
328 2845 516 2919 val'saltaci.
564 2867 599 2929 2)
630 2853 778 2920 Consucii
805 2857 859 2922 dos
892 2855 1022 2952 proprie
1051 2865 1106 2938 est,

7 3033 8 3046 χ
108 2958 157 3024 uti
178 2969 263 3050 patet
285 2981 322 3024 ex
343 2957 651 3050 Tchong-yong
673 2959 825 3049 certisque
848 2959 1006 3048 opusculis
1029 2959 1108 3026 mul·

7 3135 8 3146 p
107 3073 139 3128 te
174 3062 281 3151 paucis
307 3061 425 3145 dicere,
458 3082 586 3154 prorsus
615 3070 651 3130 u't
672 3055 823 3130 obscurus
845 3063 1017 3154 posteritati
1039 3087 1105 3131 non
1142 3105 1148 3116 ·
1264 3121 1265 3158 p

107 3189 173 3232 uno
194 3165 229 3232 in
251 3166 319 3232 ioco
341 3169 403 3258 jam
426 3165 480 3249 sit,
503 3167 588 3257 quod
609 3167 711 3232 brevis
735 3190 791 3232 suo
815 3177 955 3257 tempore
978 3190 1041 3234 esse
1063 3168 1133 3234 ie·‘

105 3267 274 3336 borererit.
318 3271 354 3336 In
375 3270 425 3336 his
446 3293 522 3338 reto
544 3271 768 3362 appendicibus
789 3271 889 3338 multa
921 3283 1108 3364 repetuntur

106 3375 200 3441 etiarn
221 3375 430 3457 eduensem,
453 3397 592 3441 necnon
611 3376 785 3441 redundant
811 3397 875 3440 non
891 3401 1002 3467 pauca,
1025 3379 1110 3469 quod

104 3489 278 3572 utrumque
299 3501 364 3545 non
386 3479 558 3546 omittimus
577 3479 612 3545 in
627 3479 883 3569 interpretatione
913 3483 1110 3574 sequentium

104 3593 248 3650 textuum
257 3583 323 3648 sine
330 3581 606 3650 animadversione.
629 3583 878 3652 Coniuciirerbs
894 3577 1109 3679 (aitNgeou-

104 3701 225 3779 ysng)
247 3697 321 3754 sunt
341 3689 568 3780 compendiosa.
614 3687 750 3756 Sensum
782 3688 898 3755 babent
919 3691 1018 3757 eitum
1042 3737 1051 3756 .
1073 3737 1082 3756 .

103 3793 184 3864 bueo
205 3814 224 3860 e
246 3793 403 3861 ooutruio
425 3793 499 3861 licet
522 3818 622 3888 pauca
650 3803 696 3862 tot
721 3793 757 3860 in
776 3794 1105 3892 articulos-dissipatu,
