2582 4328
556 225 824 285 ..50-

55 385 63 399 '
112 336 115 343 Ι
186 383 286 439 'vum
317 393 397 438 non
429 371 808 462 alite'spuniatur‚
841 371 1214 466 quamaimaatet

186 486 265 542 *aut
286 473 498 596 perfodiat
508 461 728 542 bominem.
772 475 821 542 Ex
841 476 923 544 bis
913 489 1039 570 rtaqus
1038 477 1216 547 similium

194 580 377 674 principum
398 579 495 674 septis
508 605 537 647 ιι
525 579 628 674 quid
643 580 832 674 mittebatur
847 583 886 648 sd
907 581 1043 672 aliquem
1065 607 1210 674 magna·

194 695 281 767 tum,
313 710 421 776 magru
412 683 518 752 doni
540 685 610 752 loco
631 690 717 768 bret,
749 687 803 778 sed
823 685 1012 782 dombaante
1022 675 1209 754 Tcheo'u

194 790 325 891 ejusque
355 789 501 880 improba
532 789 604 856 aula
637 789 834 858 rarissimum
862 803 894 857 et
922 776 1056 881 dignum
1077 792 1206 857 notari.

194 864 366 983 Co'piam
388 893 524 977 illam,
556 895 600 961 ait
621 894 802 984 Tclring-
791 907 892 977 -tse,
904 885 1010 962 refert
1031 906 1142 983 harma
1168 895 1207 960 li-

193 1021 327 1080 nemum
349 995 412 1064 Yn
433 998 528 1091 hujus
552 998 682 1094 ligsuse.
728 999 788 1066 Sed
815 998 873 1066 hee
894 999 1068 1096 superioris
1092 973 1205 1065 lineae

108 1171 110 1186 ¹
164 1100 311 1194 ,Yang
342 1114 454 1169 namra
476 1126 531 1170 sue
552 1096 685 1170 ellicacis
708 1101 861 1195 praesidio
884 1104 1014 1170 omnino
1037 1104 1203 1196 indigent,

134 1211 136 1217 '
194 1217 231 1272 nt
252 1209 327 1273 dum
346 1219 450 1313 motus
479 1207 599 1302 ubique
621 1231 739 1275 cessare
760 1209 884 1278 videtur
910 1209 960 1274 sui
981 1209 1066 1301 ipsse
1086 1223 1204 1276 motus

68 1349 82 1396 ¹.
192 1310 385 1379 incrementa
404 1314 444 1379 ed
465 1313 705 1406 productionem
727 1311 899 1380 iterandam
920 1313 1093 1380 nocmsaria
1117 1315 1205 1380 soci
1269 1359 1270 1372 ι

138 1407 294 1508 *pians
337 1420 439 1500 Nam,
461 1417 604 1484 observat
625 1417 745 1508 gloss(
774 1439 808 1483 ιι
829 1414 1201 1486 motusslleesset

46 1576 49 1623 ,
112 1537 121 1549 ’·
194 1521 1199 1622 omninoextinctus,nonpossentposteaadul.

193 1623 270 1692 lam
290 1625 432 1717 utique
454 1625 770 1716 generationem
801 1641 1064 1693 concurrere.
1110 1627 1198 1708 Ideo,

154 1721 155 1728 ἵ
193 1729 292 1813 aiunt,
314 1731 478 1796 adducitur
496 1731 687 1822 comparetis
705 1732 768 1798 viri
790 1729 896 1822 palatii
916 1755 936 1796 a
958 1755 1023 1823 quo
1044 1730 1197 1798 alimenta

192 1857 273 1924 quae
296 1831 498 1924 conglaciatis
519 1833 726 1900 invalescente
747 1831 909 1934 principio
929 1823 991 1928 ij
1013 1853 1069 1912 seu
1090 1831 1195 1926 laigo-

192 1959 229 2002 re
236 1971 265 2018 ,··
282 1937 412 2004 lacubus
447 1937 604 2005 rarissima
625 1951 699 2008 sunt
726 1937 936 2009 sufficiuntur.
959 1941 1054 2014 ⁴(lua
1075 1938 1194 2005 benefi-

68 2051 90 2113 ’,
192 2041 294 2108 centia
314 2041 467 2130 majorem
488 2043 658 2144 meliorum
689 2065 777 2136 spem
797 2043 961 2142 injiciunt,
994 2045 1192 2135 quemadmc

192 2145 269 2212 durn
298 2169 317 2212 a
345 2145 499 2242 principii
522 2147 639 2239 stg
667 2147 847 2217 efficacitate
869 2171 924 2214 seu
945 2147 1051 2214 calore
1072 2147 1187 2236 majora

192 2249 285 2318 stiam
306 2250 501 2318 brumalibus
523 2251 641 2319 damnis
663 2253 745 2320 bona
767 2243 887 2344 sperari
909 2253 1021 2318 solent.

278 2355 322 2422 At
342 2358 427 2423 unde
449 2357 620 2425 similitudo
642 2357 775 2449 piscium
797 2357 958 2446 desumpta
976 2351 1048 2423 est?
1069 2355 1192 2447 inquiet

112 2464 115 2472 “
190 2457 313 2553 aliquis.
341 2463 501 2528 Anaturs
520 2463 666 2554 pissimo,
688 2463 877 2552 respondent
891 2461 999 2552 aliqui,
1023 2460 1097 2552 quia
1119 2471 1190 2528 sunt

190 2565 384 2656 homogonei
406 2555 478 2632 curn
499 2567 660 2658 principio
682 2567 743 2632 Yn
765 2553 901 2658 frigido,
924 2565 1028 2648 debili,
1050 2563 1116 2631 rili.
1162 2567 1191 2630 Α

66 2713 71 2735 1
192 2667 425 2759 comparatione
448 2672 589 2760 qasadsm,
613 2671 701 2738 siunt
722 2671 794 2752 alii,
817 2669 900 2736 inter
922 2669 1034 2736 seriem
1056 2669 1190 2760 piscium

191 2795 287 2862 quam
307 2783 409 2838 textsas
431 2797 574 2864 expresse
596 2786 820 2840 commemorat
841 2785 873 2840 et
893 2774 976 2842 inter
997 2786 1132 2840 turmam
1156 2773 1191 2838 li-

192 2899 323 2942 nesrum
345 2877 416 2961 Yn,
439 2898 540 2968 ιιιιιιιι,
555 2878 664 2972 figura
682 2879 781 2950 oculis
804 2879 939 2946 exhibet.
973 2874 1190 2945 verosimilius

122 2979 130 2996 ‘
191 2980 454 3070 respondebitur,
487 2982 514 3050 si
535 2983 658 3052 dicansr
688 2983 787 3050 alludi
817 2972 968 3050 ndodam¹
989 2983 1190 3074 [ring-tsi

191 3083 267 3151 libri
301 3085 444 3152 canonici
466 3086 690 3189 chi-king,
724 3079 780 3154 sibi
803 3112 869 3153 non
890 3087 993 3153 solum
1013 3085 1051 3152 iit
1072 3087 1189 3152 mentio

192 3189 382 3280 speculae
414 3191 586 3260 aOuen-
575 3217 723 3284 -ouang
751 3192 787 3258 in
816 3191 913 3258 horto
944 3191 1036 3281 regio
1059 3203 1186 3274 erectae,

105 3367 121 3380 .
192 3295 360 3361 sedetiam
382 3295 567 3405 piscinae
589 3297 789 3389 limpidae.
830 3297 998 3388 Adcujus
1014 3293 1188 3361 similitudi-

191 3423 266 3464 nem
299 3381 452 3464 effossum'
478 3413 545 3466 erat
575 3401 658 3467 inter
688 3401 859 3467 hortensia
877 3414 962 3521 septe
990 3401 1186 3491 imperatoris

192 3501 359 3570 Tchecu
379 3503 481 3572 mulso
504 3506 673 3598 speciosius
695 3517 863 3597 stagnum,
885 3505 1082 3601 pisciumque
1103 3506 1188 3570 omni

192 3621 310 3699 genere
339 3593 566 3696 abundans,le
589 3635 652 3701 quo
673 3609 828 3702 prodierit
859 3609 983 3676 series
1014 3607 1189 3700 piscium

192 3715 391 3792 memorata·
417 3713 516 3780 Porro
537 3716 624 3805 juxta
649 3715 833 3806 interpretes
855 3715 913 3780 iste
934 3713 1054 3780 reditus
1075 3712 1188 3803 princi·

142 3807 145 3814 ¹
168 3837 171 3844 “
193 3817 240 3908 pii
262 3817 376 3909 Yang
397 3841 454 3888 seu
474 3819 662 3910 tempestatis
684 3819 824 3888 melioris
844 3818 943 3886 refert
964 3840 1091 3910 quoque
1111 3817 1187 3884 redi.
