2536 4276
538 112 728 210 *ω’
773 119 818 190 -’
881 89 884 98 ’

440 437 710 508 ΕΡΙΡΗΟΝΕΜΑ
731 441 913 508 PRIMUM,

274 599 367 662 Hero
391 621 572 664 occurrens
595 599 659 687 ipsi
681 623 716 664 se
745 600 922 688 adjungi&
947 600 1025 665 lieet
1046 600 1091 664 ita
1116 601 1164 681 sit,

190 701 322 768 nullom
341 713 390 768 est
408 714 567 767 emotum.
603 702 639 768 Si
662 717 732 786 eut,
755 705 958 770 laudabitur.

545 951 808 1066 INTEHRBTH'iQ·

275 1103 376 1172 Verus
410 1105 564 1186 subditus,
601 1115 638 1170 ut
669 1129 718 1170 res
749 1117 922 1172 occurrunt
954 1106 1076 1188 verius,
1114 1133 1168 1174 suo

187 1207 325 1298 principi
353 1209 439 1276 velut
467 1211 505 1274 nd
534 1207 614 1274 letus
644 1209 763 1276 assistit.
806 1211 871 1276 Neo
900 1212 983 1301 quod
1011 1211 1101 1278 nmul
1123 1225 1169 1278 eet

188 1311 348 1402 culpetur,
371 1312 435 1378 imo
457 1313 607 1378 ieudetur.
1248 1347 1249 1388 ς

273 1419 345 1484 Non
368 1429 413 1482 est
433 1416 673 1508 reprehensione
696 1418 818 1508 dignus.
864 1409 981 1502 Suum,
1013 1419 1059 1484 eit
1079 1421 1171 1486 inter-

186 1545 274 1612 pres,
309 1545 384 1614 erge
412 1545 521 1613 regem
552 1543 606 1588 seu
626 1523 788 1622 dominum
810 1522 875 1612 egit
896 1521 1034 1590 assistens
1057 1524 1193 1618 εἰκυῖ’
1249 1530 1250 1566 ³

120 1627 133 1649 ”
186 1627 330 1694 dominus
353 1627 418 1718 egit
441 1652 517 1719 erge
537 1627 661 1696 coelum
688 1627 739 1694 cui
762 1627 922 1716 adjunctus
944 1637 996 1693 est.
1038 1629 1173 1718 Adjutor

118 1775 120 1782 ,
186 1756 300 1824 nempe
326 1731 364 1798 eb
393 1731 461 1820 ipso
489 1731 576 1797 coelo
601 1735 641 1798 esi
663 1731 797 1824 populos
818 1733 1056 1824 gubernendos,
1086 1757 1173 1823 quos,

96 1869 99 1878 ’
188 1839 294 1928 inquit
315 1837 530 1924 Ou·oueng
556 1835 589 1900 in
613 1837 869 1927 Chen-king,
902 1861 959 1902 nec
989 1860 1048 1926 per
1075 1861 1108 1904 se
1129 1863 1175 1904 re·

189 1965 284 2033 gere,
317 1965 374 2006 neo
403 1964 460 2030 per
488 1964 519 2006 se
540 1937 649 2005 docere
679 1939 755 2006 vult.
801 1941 888 2029 Quee
909 1939 1050 2032 dootpine
1071 1943 1176 2008 eedem

187 2058 231 2110 est
260 2069 296 2110 ec
324 2057 447 2126 nostro,
476 2043 632 2135 Principes
655 2044 715 2125 Dei
741 2029 823 2110 sices
853 2055 987 2135 gerunt,
1021 2057 1096 2112 sunt
1115 2047 1174 2112 Dei

185 2148 335 2230 ministri,
367 2163 439 2216 sunt
467 2149 602 2216 vindices
629 2149 663 2214 in
694 2148 783 2215 irun.
828 2150 970 2214 Perentes
1000 2148 1095 2214 etiem
1116 2147 1173 2216 Dei

186 2254 295 2322 loossm
327 2233 439 2327 tenint.
483 2255 563 2322 Sunt
596 2265 754 2333 suctores,
787 2275 896 2320 censes
924 2251 1075 2320 filiorum.
1121 2253 1177 2320 H‘e

187 2337 304 2428 similes
333 2358 487 2453 formulae
515 2359 549 2424 in
578 2355 666 2424 libris
695 2357 798 2424 sinicis
826 2356 939 2448 possim
971 2356 1178 2448 reperiuntur

186 2477 218 2532 et
238 2465 395 2555 potestetis
418 2475 484 2530 tosn
505 2461 610 2554 regies
632 2475 699 2528 tum
721 2473 866 2552 peternee
878 2461 1037 2551 originem
1054 2485 1072 2528 e
1090 2461 1179 2528 coelo

184 2570 220 2636 in
240 2568 329 2634 libris
351 2567 567 2656 antiquissimis
589 2565 673 2634 clere
694 2589 868 2657 erpi-essem
889 2565 996 2658 legere
1015 2578 1070 2632 est.
1096 2567 1180 2656 Qus

186 2683 315 2764 propter
344 2670 469 2738 nullum
500 2670 622 2736 ridetur
653 2671 687 2735 in
715 2671 776 2738 hoc
804 2671 969 2738 discrimen
995 2671 1056 2741 nisi
1092 2671 1182 2740 cim

184 2799 275 2842 voces
297 2774 414 2866 eliques
437 2787 466 2840 et
487 2777 613 2841 nomine
636 2777 784 2868 quecdem
805 2799 886 2868 quse
901 2787 1084 2842 nostromm
1100 2801 1181 2844 non·

184 2879 280 2946 nullis
302 2879 392 2972 forte
405 2879 592 2946 videbuntur
613 2879 815 2971 hyperbolice
822 2928 832 2962 ,
855 2882 939 2973 quod
960 2905 978 2945 e
999 2893 1110 2948 nostro
1134 2883 1181 2947 ise

180 2984 277 3078 genio
299 2983 495 3080 ebhorresnt.
533 2987 576 3050 At
592 2985 811 3076 imperatorem
834 3009 946 3054 vocene
967 2981 1072 3052 felium
1095 2987 1181 3052 coeli

181 3089 397 3180 similibusque
428 3089 526 3156 titulis
547 3089 647 3170 Sinis,
682 3087 753 3154 illes
790 3088 976 3180 hyperbolen
1002 3088 1038 3154 in
1066 3112 1182 3158 seneen

182 3195 275 3261 etiem
309 3195 469 3260 minorum
499 3194 704 3286 appelletione
734 3193 907 3260 honorifice
936 3205 966 3260 et
994 3193 1029 3260 in
1062 3197 1183 3286 quovis

180 3301 323 3369 encomio
350 3299 537 3381 ementibus,
567 3323 631 3364 non
657 3298 780 3364 videtur
801 3299 943 3367 nisnium.
988 3301 1053 3366 Nec
1075 3301 1183 3368 verbe

179 3407 240 3472 illis
263 3405 340 3474 vitio
362 3406 442 3470 verti
470 3415 615 3495 possunt,
653 3404 902 3495 quendoquidem
933 3404 1100 3495 perspicue
1134 3417 1185 3470 est

177 3511 310 3578 illorum
331 3511 489 3576 sententie.
534 3511 576 3576 As
598 3508 682 3574 sorte
708 3509 920 3600 sequelitetem
942 3507 1077 3597 elicerem
1102 3509 1184 3576 itte·

177 3616 355 3712 similesque
378 3613 599 3706 eppelletiones
621 3613 764 3678 inferunt
785 3613 867 3680 inies
889 3613 1013 3680 coelun
1028 3625 1067 3682 os
1080 3613 1184 3680 inter

176 3721 382 3818 imperatores
393 3767 403 3804 ‚
444 3731 498 3788 eut
531 3719 613 3786 inter
641 3717 806 3813 petentes?
840 3757 880 3772 -
913 3717 1049 3786 Minime
1080 3743 1180 3802 vero.
