2546 4274
493 207 574 266 „-·
639 181 709 246 teo
769 211 810 230 -
870 197 894 214 ,s

132 402 136 412 Ι
267 327 333 406 Neo
363 325 463 393 solum
492 329 540 393 uti
574 329 766 419 periculosas
794 329 977 420 fallacesque
1003 340 1087 396 artes
1119 331 1177 398 hes

154 429 352 496 -insectatur
380 429 552 498 Confiaoius'
581 440 631 514 1),
662 435 712 499 sed
733 435 783 500 uti
803 433 945 516 inutiles,
981 436 1055 500 dum
1084 435 1178 500 docet

180 535 335 624 „sapienti
363 535 446 600 nihil
470 559 550 626 opus
578 559 641 630 esse
669 539 811 629 auguriis
833 551 865 603 et
885 537 1115 629 praegnostiois
1138 541 1177 604 ad

179 639 417 730 praedicendum
430 639 554 730 imperii
565 641 830 730 perturbationem
842 653 897 706 aut
911 642 1175 722 immutationem,

179 745 231 810 sed
260 768 333 811 cum
360 743 548 834 perspicacia
576 745 673 810 animi
705 746 744 810 sit
774 769 893 815 summa
915 767 1088 835 rerumque
1109 769 1172 812 usu

179 847 300 914 doctior
326 847 428 911 evenit
457 847 573 914 scilicet
600 860 637 913 ut
657 849 933 938 exlimprohorum
956 847 1074 914 artibus
1107 873 1174 914 oae-

86 999 89 1010 .
180 943 382 1042 teroruiuque
410 951 587 1016 animorum
617 952 816 1042 dispositione
846 953 921 1044 quid
949 952 1085 1042 imperio
1116 955 1174 1020 im·

180 1057 322 1146 pendeat
332 1054 433 1120 dicere
454 1055 631 1158 minarique
652 1056 749 1146 longe
772 1067 861 1122 antea
881 1058 1004 1122 audeat
1001 1063 1024 1098 “

266 1157 420 1224 Confusio
428 1159 625 1272 praeiverant
639 1160 855 1249 sapientissimi
870 1161 1070 1250 antiquorum
1085 1160 1172 1250 prin·

153 1264 287 1353 'cipum
326 1265 488 1354 gentisque
520 1245 741 1355 magistrorum
769 1287 906 1353 quorum
934 1275 1037 1328 extant
1070 1264 1173 1330 adhuc

179 1365 302 1459 aliquae
324 1368 477 1437 orationes
497 1367 620 1434 bunc
610 1393 645 1433 m
674 1390 806 1434 sensum.
850 1367 1042 1458 Legislator
1053 1367 1171 1434 Ghun

180 1495 274 1566 quam
294 1471 389 1538 nihili
415 1473 531 1538 laceret
559 1485 655 1539 sortes
678 1495 811 1565 quarum
839 1465 1022 1538 auctoritate
1046 1495 1172 1563 usuque

180 1575 269 1672 rudis
291 1577 392 1668 adhue
421 1577 530 1666 prp'mis
558 1577 622 1642 illis
645 1577 837 1668 temporibus
859 1576 994 1667 populus
1016 1575 1170 1641 afficieba-
1217 1624 1230 1646 a

179 1691 248 1762 tur,
277 1693 383 1772 aperte
405 1679 594 1748 declaratio
615 1680 737 1747 delectu
759 1681 941 1746 successoris
964 1681 1021 1746 Yu
1042 1681 1169 1771 imperii

181 1787 371 1852 detrectandi
386 1795 504 1848 *musas
534 1785 708 1873 quaerentis
737 1784 770 1850 in
793 1783 1058 1875 neglectisetiam
1081 1787 1170 1850 sorti·

179 1889 247 1958 bus.
269 1894 304 1963 2)
345 1887 621 1977 „Quotiescunque
657 1887 748 1954 nobis
778 1890 909 1955 offertur
936 1887 1030 1954 dubia
1059 1913 1110 1955 res
1141 1899 1169 1954 'et

181 1991 337 2080 explicatu
365 1989 515 2071 diflicilia,
547 2003 643 2060 sortes
671 1994 781 2084 utique
810 1993 1021 2060 consulimus.
1059 2019 1168 2062 verum

89 2165 96 2184 „
181 2107 284 2162 tamen
305 2093 487 2184 priusquam
510 2093 580 2160 illae
602 2097 807 2162 consulantur
828 2121 890 2190 ego
912 2118 996 2179 rem,
1028 2121 1111 2189 quae
1135 2099 1165 2160 in

179 2185 433 2270 deliberationem
460 2200 545 2266 venit
574 2201 677 2266 animo
706 2225 814 2284 verso,
859 2205 1166 2294 expendoquoquaa

180 2305 339 2370 commoda
361 2303 618 2396 incommodaque
641 2318 672 2371 et
688 2315 767 2396 quae
783 2305 918 2396 majora,
942 2331 1022 2398 quae
1036 2308 1167 2372 minora.

181 2407 364 2500 Sapientem
387 2421 545 2500 praeterea
566 2409 732 2475 sententias
752 2411 884 2500 exquiro
907 2411 1080 2502 sudaeque,
1101 2423 1168 2500 post

180 2508 261 2604 quae
290 2525 390 2580 statuo
420 2537 542 2578 mecum
572 2514 652 2604 ipse¹
667 2514 741 2603 quid
763 2513 844 2579 lacto
867 2515 905 2580 eit
926 2537 1013 2604 opus.
1052 2515 1169 2580 Exinde

179 2643 325 2708 magnam
359 2617 542 2682 testudinem
570 2613 713 2682 adhiberi
744 2609 839 2706 jubeo
867 2620 904 2684 ad
932 2630 1047 2684 sortes:
1084 2643 1170 2685 nunc

178 2721 283 2810 itaque
311 2743 373 2810 ego
400 2721 487 2810 prius
518 2719 578 2786 hoe
600 2721 744 2790 constitui
766 2733 796 2787 et
817 2723 938 2788 decrevi
959 2733 995 2786 ut
1016 2723 1051 2787 in
1074 2723 1170 2812 irnpe-

178 2804 220 2892 iii
250 2847 325 2890 cura
353 2837 388 2889 tu
419 2823 476 2889 Yu
502 2825 581 2890 milri
609 2829 766 2908 succedas,
798 2851 901 2918 neque
930 2837 974 2892 est
1002 2827 1170 2918 quisquam

146 2929 148 2934 ’
179 2927 319 2994 omnium
343 2951 419 3018 quos
441 2929 597 3011 consului,
620 2931 674 3022 qui
690 2953 768 2996 »non
790 2931 947 3021 approbet·
961 2951 1063 2994 msam
1087 2930 1171 2995 hano

94 3083 97 3090 -
177 3034 377 3114 sententium,
390 3043 432 3098 ’et
453 3023 496 3097 eit·
512 3057 549 3098 eo
571 3033 757 3124 quodiama
780 3059 846 3100 eam
864 3031 1043 3126 vulgaverit
1058 3035 1170 3124 quami

176 3137 303 3230 plausus
330 3137 501 3228 populique
531 3149 643 3230 manta
674 3139 775 3204 studia
804 3139 951 3220 existant,
983 3137 1050 3227 ipae
1072 3139 1169 3204 vides.

176 3243 299 3312 Favent·
313 3239 426 3332 procul
447 3241 542 3306 dubio
563 3254 595 3310 et
615 3243 675 3333 ipsi
694 3243 824 3334 spiritus
845 3255 968 3310 nostrae
989 3245 1170 3307 sententiae.

177 3347 305 3438 Ecquod
334 3347 418 3412 euim
446 3345 531 3411 aliud
559 3346 701 3436 ipsorum
730 3360 840 3414 votum
869 3349 908 3413 sit
937 3366 1031 3438 quam
1058 3357 1172 3412 votum

177 3451 387 3520 multitudinis
418 3451 512 3516 totius
541 3451 594 3516 cui
622 3453 702 3518 baua
729 3453 847 3520 volunt.
882 3451 972 3541 Quod
1001 3451 1027 3516 si
1050 3451 1092 3515 ita
1115 3463 1171 3535 est,

181 3593 386 3610 ffl-

216 3693 244 3744 s)
261 3683 507 3752 Tchonglong.

217 3765 244 3818 ι)
263 3753 456 3822 Choulsing.
