2536 4276
476 232 517 248 -
583 150 752 266 esest·
806 195 821 236 ·‘
910 173 913 182 ’

2 356 3 361 ’
120 355 204 420 inter
237 351 406 420 versiculos
444 349 574 420 Homeri
611 334 747 445 quorum
787 375 910 417 sensum
947 374 1012 416 non
1048 373 1107 442 pro
1150 339 1166 356 ”

111 456 200 525 'salso
226 459 278 524 sed
305 479 364 548 pro
395 457 536 523 ominoso
562 457 698 522 habuere
726 455 864 522 Socrates
887 467 916 522 et
936 455 1054 521 Brutus
1077 465 1116 530 et,

2 573 3 576 ’
119 563 202 628 inter
223 559 385 638 sententias
414 561 488 627 libri
510 560 676 652 Y·lsing,
707 561 840 651 quaruin
862 583 983 626 sensum
1005 559 1107 624 sinen-

119 689 165 733 ses
188 665 388 734 circulatores
409 687 474 730 non
495 677 614 757 negant
634 675 779 754 tanquam
801 663 928 746 falsum,
958 665 1008 729 sed
1029 663 1120 750 omi-¹

2 777 3 780 ’
119 793 231 836 nosuan
252 767 370 835 faciunt
391 770 453 836 suis
482 767 563 834 male
593 767 733 834 credulis.
777 769 856 834 Nam
884 769 926 834 ita
948 767 987 832 sit
1006 778 1043 832 ut
1063 765 1107 832 di·

120 885 212 957 cunt,
253 873 332 940 liber
360 873 513 966 Y·laing
540 873 580 939 sit
610 871 692 936 liber
728 873 878 962 mysticus
912 871 1107 938 authenticus

2 1021 3 1024 =
32 983 39 988 “
119 1001 195 1070 prae
223 978 350 1044 caeteris
380 1003 415 1044 ac
442 977 530 1045 velut
559 976 746 1069 canonicus,
778 1001 885 1044 versus
908 989 1016 1042 contra
1045 975 1108 1042 Ho-

2 1173 5 1186 ,
42 1138 50 1144 .
109 1083 200 1149 'meri
221 1107 259 1149 ex
274 1107 368 1174 opere
385 1081 525 1148 sabuloso
540 1080 719 1172 nulliusque
735 1081 925 1148 auctoritatis
938 1081 1115 1171 desumpti:
1149 1080 1151 1086 '

120 1187 186 1252 ime
208 1187 313 1252 demus
335 1189 419 1278 quod
441 1208 603 1278 nunquam
624 1187 757 1290 euicere,
788 1185 909 1251 traduci
938 1209 1027 1276 posse
1049 1190 1108 1251 nec'
1193 1239 1196 1258 ,

119 1290 236 1358 insulse
257 1289 419 1356 sententias
440 1289 514 1356 libri
537 1289 584 1356 Y·
573 1267 691 1382 dsirig
712 1287 865 1356 adaliosa
887 1289 964 1356 Οιι-
955 1311 1106 1380 oneng

119 1393 315 1488 politicisque
336 1393 482 1460 Sinarum
503 1395 697 1486 principibus
723 1421 753 1460 v.
776 1423 808 1488 g.
839 1394 875 1462 ad
897 1395 1105 1477 Salomonem,
1173 1405 1175 1410 '

119 1497 324 1566 Ezechiam
315 1521 480 1589 ipsumque
503 1497 665 1566 Christum
693 1498 767 1567 licet
790 1511 910 1567 constat
932 1523 969 1566 ex
991 1511 1107 1590 genere
1186 1572 1191 1582 ¹

119 1603 188 1700 ipso
220 1601 323 1692 operis
353 1603 436 1694 qued
469 1603 718 1670 affabulationem
748 1617 841 1697 atque
876 1605 951 1670 adeo
983 1628 1108 1670 sensum

86 1701 87 1706 ἵ
120 1707 177 1774 sub
206 1703 280 1772 licio
308 1705 454 1772 latentem
481 1706 598 1796 patitur
625 1731 732 1785 versus
760 1709 891 1775 Homeri
920 1731 984 1773 non
1006 1707 1108 1774 solum
1152 1787 1158 1794 ⁶

120 1833 211 1904 posse
238 1811 290 1876 sed
318 1809 411 1876 etiarn
427 1809 533 1876 ‘luisse
564 1811 658 1878 variis
689 1815 830 1902 persenis
846 1813 1108 1899 accommodatos,
1217 1841 1219 1846 ¹

120 1915 225 2007 quales
247 1915 353 2006 arguit
373 1914 515 2006 ridetque
538 1914 749 2006 Hieronymus
769 1923 802 1994 1)
831 1915 1109 1984 homerocentonas

119 2019 393 2112 virgiliocentonas
412 2021 580 2087 Marenem
602 2021 668 2087 sina
692 2021 829 2088 Christo
846 2021 992 2088 iacientes
1016 2017 1109 2090 chri·
1191 2060 1195 2068 =

120 2123 252 2192 stianum
276 2123 351 2217 quia
372 2124 463 2192 dixit:

247 2229 318 2294 dam
338 2228 420 2294 redit
441 2240 473 2294 et
493 2227 603 2320 virgo,
625 2232 756 2296 redeunt
777 2231 922 2297 Saturnia
943 2259 1056 2326 regna,

161 2368 165 2382 ι
243 2333 313 2398 Jam
335 2355 415 2400 nova
434 2331 603 2424 progenies
625 2334 713 2400 coelo
736 2331 909 2402 demittitur
931 2339 990 2403 alto
1013 2385 1021 2403 .
1045 2386 1054 2404 .

180 2475 184 2486 ‹
242 2437 333 2502 Talia
353 2439 510 2527 perstabat
530 2461 707 2504 memorans
729 2437 871 2529 fixusque
893 2441 1044 2508 manebat.
1100 2435 1142 2531 ,¹

201 2537 261 2604 Sed
292 2539 426 2630 puerilia
453 2553 526 2608 sunt
553 2541 630 2608 haec
659 2555 689 2608 et
719 2542 945 2612 circulatorum
971 2545 1046 2611 ludo
1068 2545 1106 2613 si·
1217 2553 1219 2566 ¹

115 2641 210 2709 milia.
244 2642 292 2707 Ex
324 2642 373 2710 his
403 2655 506 2710 tamen
534 2645 614 2710 nihil
648 2647 715 2712 veri
751 2647 937 2715 concludere
970 2665 1105 2741 possent,

115 2748 191 2840 quid
212 2745 320 2812 enim?
343 2771 382 2811 an
403 2745 518 2814 dicturi
541 2763 613 2816 sunt
634 2763 685 2826 (ut
703 2751 863 2818 Canonica
884 2753 977 2820 etiam
999 2768 1105 2822 nostra

114 2851 257 2924 afferam)
278 2851 447 2934 sententias,
470 2875 486 2916 e
510 2853 603 2918 sacris
626 2851 714 2921 libris
736 2857 820 2922 bono
841 2857 987 2949 maloque
1007 2861 1106 2926 omini

115 2951 189 3018 olim
217 2965 354 3044 acceptas
377 2954 505 3021 obvium
531 2957 761 3050 propriumque
783 2985 906 3028 sensum
927 2961 984 3029 illo
1007 2965 1107 3030 abusu
1151 2985 1153 2995 ·

116 3079 179 3122 non
214 3057 386 3122 retinuisse.
433 3057 511 3146 Quis
539 3061 637 3126 nescit
666 3063 826 3129 Chramno
855 3065 1002 3132 Letharii
1029 3067 1105 3150 iilic,

116 3160 270 3226 excidium
301 3161 499 3228 annuntiasse
515 3169 551 3239 2)
583 3163 720 3230 Clericus
742 3167 946 3237 Divionensas
977 3169 1106 3244 elibris
1212 3215 1214 3220 ·

115 3261 359 3354 Prophetarum,
393 3267 617 3356 Apostolorum
655 3281 685 3334 et
702 3270 983 3370 Evangelistarum
1020 3277 1107 3344 velut
1154 3271 1157 3276 ¹

116 3367 248 3434 fortuito
283 3367 408 3458 apertis.
444 3368 573 3436 Laetam
603 3385 712 3438 contra
742 3375 906 3443 victoriam
940 3403 958 3444 a
986 3383 1107 3502 superis

114 3471 294 3564 adprcmitti
323 3471 456 3564 sibique
481 3475 570 3542 cani
582 3476 767 3585 existimasse
797 3479 1040 3554 Ludovaeurn
1031 3487 1105 3581 rpsis

151 3711 179 3764 ι)
197 3697 228 3756 ln
243 3704 340 3778 prolog.
359 3704 461 3760 Galeato
478 3705 511 3761 ad
528 3705 667 3762 Paulinum.

150 3784 178 3837 t)
196 3775 298 3854 Grsgca
327 3780 388 3834 'ltu
408 3777 427 3834 l·
445 3787 472 3842 4
