2546 4274
529 181 570 198 -
599 167 603 176 ‘
634 151 699 216 328
763 179 804 196 ··
929 213 931 224 .

81 357 85 387 ,
173 303 367 396 populorum
388 305 426 370 ad
445 301 649 370 delectionem
665 301 1018 390 inclinantiumanimial
1027 301 1170 396 seligen-

173 407 218 474 dis
249 409 288 474 ad
318 405 443 498 publiea
462 407 572 494 munia
591 407 673 480 siris
689 407 811 500 aequis,
844 409 928 498 quaed
960 401 1169 498 magistratus

173 511 235 580 ains
254 512 343 580 velut
363 533 471 578 monus
491 489 676 630 pedesque
666 511 827 604 ιιιιιιοιίὶ.α

262 614 447 682 lnlinitus
423 639 496 697 sam,
526 616 552 680 si
573 615 639 698 his,
669 640 748 718 quae
775 628 846 682 ante
877 615 964 682 mille
984 605 1083 684 snbos
1106 618 1168 686 im·

173 721 314 839 peratori
341 717 474 811 publicis
503 719 617 788 libellis
644 706 842 802 dieebintur,
880 721 991 788 velim
1003 723 1116 790 eddere
1147 750 1168 790 a

174 822 304 916 posteris
326 824 405 889 dieta
427 825 463 890 ad
484 837 622 891 nostram
642 849 741 916 usque
763 837 891 891 aetutem
913 825 1024 892 similia
1044 827 1169 894 monita

157 928 211 994 ‘in
232 927 455 995 calamitatibus
476 930 673 1022 motibusque
694 927 838 996 insolitis.
881 931 960 998 Nam
981 953 1050 996 snos
1071 931 1168 998 etism

175 1051 271 1098 nune'
286 1032 386 1122 vigete
415 1032 479 1098 ime
509 1032 606 1098 oflicii
632 1045 678 1100 est
707 1057 872 1100 censorum
901 1035 1026 1125 imperii
1047 1035 1168 1126 scripto

174 1133 302 1226 publico
324 1137 490 1205 admonere
510 1137 545 1202 in
565 1137 615 1203 his
633 1161 742 1204 rerum
762 1149 1003 1230 temporumque
1024 1139 1168 1206 articulis

174 1239 480 1332 propositaimperii
502 1243 730 1326 emendatione,
765 1245 848 1333 qued
876 1245 939 1332 jam
966 1243 1168 1312 observatum

175 1354 205 1408 et
227 1341 302 1434 Cap.
333 1358 352 1416 9
374 1357 463 1436 perte
484 1346 519 1412 ll.
550 1359 712 1438 potestque
740 1359 822 1414 reete
850 1347 972 1417 defendi
1000 1359 1169 1414 eonsuetu-

103 1492 106 1506 ι
174 1447 246 1514 dine
266 1447 380 1540 aliqua.
392 1461 533 1517 veterum
557 1451 809 1519 Christianorum
836 1455 926 1542 eujus
947 1443 1168 1519 Tertullisnus

126 1573 130 1592 ¹
173 1552 245 1642 jure
266 1555 409 1621 meminit
428 1557 467 1623 ad
489 1555 653 1647 Scopulum
659 1601 669 1639 ,
700 1555 755 1623 ubi
782 1569 854 1648 post
880 1557 950 1624 setis
978 1555 1108 1648 longam
1128 1558 1167 1622 de

95 1725 98 1733 ,
174 1654 223 1725 bis
253 1653 498 1728 dissertationem
527 1660 571 1726 ita
600 1661 768 1728 concludit.
802 1661 942 1746 „Omnia
967 1659 1046 1727 base
1075 1660 1168 1752 sigua

175 1775 248 1832 sunt
266 1765 461 1832 imminentis·
479 1765 547 1831 irae
566 1765 645 1848 Dei,
680 1791 774 1857 quam
796 1788 919 1834 neeesse
941 1775 1060 1846 estut,
1091 1787 1167 1854 quo

168 1893 237 1958 quo
259 1871 554 1959 medopoasumus‚
584 1871 805 1938 annuntiemus
827 1883 858 1937 et
878 1869 1093 1961 praedicamus
1114 1891 1167 1932 ve-

67 1963 75 1976 *
174 1972 257 2038 bis.“
300 1973 373 2038 lnde
404 1973 485 2040 lorte
517 1987 562 2040 tot
592 1973 816 2062 praedictiones
861 1985 1022 2064 metusque
1057 1971 1167 2038 exeidii

156 2077 332 2166 supremi,
361 2075 508 2146 adventus
530 2077 734 2160 Antichristi,
762 2078 868 2146 ultimi
893 2078 1003 2167 judieii
1024 2100 1111 2143 nene
1128 2077 1165 2141 ad

175 2177 315 2248 fidelium
335 2184 603 2250 conturbationem
625 2207 711 2249 nuno
732 2185 770 2250 ad
791 2183 1026 2251 conversionem
1055 2205 1165 2274 vagan-

37 2287 48 2308 '
138 2317 141 2350 :
177 2293 230 2366 tes,
252 2283 285 2350 in
306 2313 423 2378 magne
444 2286 562 2354 scilieet
581 2300 759 2380 temporum
780 2289 928 2356 verietate
950 2287 1035 2378 quod
1057 2298 1167 2353 notum

61 2455 62 2467 ,
177 2400 221 2456 est
242 2401 273 2456 et
292 2392 438 2483 pluribus
460 2393 607 2484 prosequi
628 2415 693 2458 non
715 2404 759 2458 est
780 2417 797 2458 e
819 2415 853 2462 re
875 2404 990 2458 nostra.

216 2497 351 2587 Quid
373 2497 473 2587 igitur
495 2497 673 2588 (inquiunt)
694 2495 828 2564 Sinasne
851 2497 926 2564 lauis
947 2519 1045 2587 puros
1066 2494 1169 2562 innuis

176 2625 283 2670 rerum
304 2591 483 2668 futurarum
504 2601 731 2693 praesensionis
760 2625 796 2667 ao
824 2600 1053 2720 superstitionis
1074 2599 1170 2687 bujus

176 2705 259 2790 labe,
295 2729 374 2824 quae
402 2717 507 2770 nostra
534 2705 611 2771 olim
640 2731 740 2800 regna
767 2702 897 2772 infecit?
930 2705 1060 2770 minime
1082 2723 1170 2771 sero·

179 2811 252 2901 Quo
274 2810 357 2875 enirn
379 2810 524 2876 attentius
554 2835 632 2902 quae
661 2812 694 2877 in
716 2811 807 2878 libris
829 2810 942 2878 Siniois
962 2809 1068 2876 variae
1090 2820 1170 2890 aete-

124 2941 130 2964 ι
178 2915 215 2981 tis
245 2926 277 2979 et
304 2915 496 2982 auctoritatis
531 2914 684 3007 leguntur
720 2941 792 2982 eum
822 2916 935 2982 nostris
971 2913 1172 3003 alienamque

176 3017 369 3112 populorum
400 3020 616 3086 traditionibus
648 3021 792 3104 ueniere,
824 3045 862 3086 eo
890 3020 989 3112 magis
1016 3019 1172 3084 essentior

73 3189 80 3208 ,Ι
176 3125 258 3190 dioto
280 3122 402 3207 Tullii,
423 3123 545 3190 nullam
567 3147 631 3190 esse
652 3135 780 3217 gentem
797 3147 899 3216 neque
914 3133 977 3190 tem
994 3123 1170 3190 humanam

177 3241 267 3320 atque
288 3229 426 3310 doctam,
449 3254 550 3322 neque
579 3241 643 3296 tam
672 3229 825 3295 immitem
848 3243 972 3321 tamque
994 3227 1171 3307 barbaram,

63 3347 67 3369 ¹
139 3336 144 3346 '
177 3357 256 3426 quoe
277 3357 342 3400 nen
363 3332 536 3425 significari
558 3333 664 3400 lutura
686 3330 794 3400 saltem
808 3337 957 3426 queedam
969 3325 1171 3424 praedicique

175 3463 265 3531 posse
296 3449 426 3506 censeat.
457 3439 537 3529 ‘Qua
565 3440 726 3504 notatione
754 3439 900 3531 probari,
937 3461 1009 3505 meo
1042 3437 1171 3528 quidem

175 3544 308 3636 judicio,
337 3555 439 3634 potest
464 3543 584 3610 nullum
605 3565 731 3636 quoque
757 3567 822 3610 esee
844 3555 976 3637 gentem
992 3542 1039 3608 sie
1059 3541 1172 3608 imme·

175 3651 269 3724 nitste
292 3651 465 3731 efferatam,
493 3661 529 3716 ut
549 3651 632 3740 apud
653 3673 706 3716 eos
728 3649 816 3714 nulla
838 3649 878 3716 sit
899 3645 1036 3740 auspicio
1057 3645 1172 3713 divini-

107 3786 114 3798 ·
175 3756 255 3826 tstis.
295 3755 396 3850 Apud
423 3777 476 3822 ees
501 3753 670 3846 siquidem,
703 3753 778 3822 lieet
812 3753 895 3822 forte
923 3751 1026 3822 uultus
1063 3763 1174 3822 eertus
