2536 4276
419 169 592 304 ’.ω
658 247 699 264 ..

36 393 80 440 tn
109 395 154 439 eo
180 375 268 464 quaed
288 372 481 455 efficeretur,
502 369 663 438 mtteriam
678 371 847 460 quandam,
866 371 1047 464 inutraque
1160 444 1162 455 ¹

36 503 167 546 :amen
191 489 378 570 utrumque.
412 479 520 568 Neque
543 475 626 540 enirn
647 476 806 540 materiam
827 475 925 566 ipsam
941 477 1050 542 cobse-
1142 497 1146 512 ·

36 605 128 650 rere
154 583 314 674 potuisse²
335 582 360 648 si
380 581 467 647 nulla
487 581 520 647 ni
534 580 763 663 contineretur,
785 602 886 671 neque
903 581 967 648 rim
984 581 1050 648 sine

36 689 170 778 eliqua
193 688 328 754 materia.
371 685 459 752 Nihil
485 697 531 752 est
551 684 635 750 enim
657 677 755 773 qsrod
765 707 846 751 nens
852 685 965 752 alieubi
987 707 1050 752 esse

36 803 219 882 cogatur,
241 792 294 856 sed
314 792 397 882 quod
418 811 457 854 ex
477 799 634 879 utroque,
653 788 710 854 id
699 811 762 877 jem
779 807 912 880 cerpus
910 801 945 860 et
963 790 1051 882 quari

45 895 251 989 qualitatem
272 895 426 984 quandam
446 891 656 958 nominabant.
734 920 746 947 ι-
810 909 814 917 “

36 1027 38 1036 ’
152 1001 303 1090 Supereat
323 1007 360 1063 ut
382 1019 420 1065 ex
441 996 489 1062 his
502 997 625 1062 duobus
639 993 801 1087 principiis
816 997 928 1088 stg
941 1007 972 1064 st
985 997 1055 1080 Yn,

51 1103 201 1172 materia
229 1100 356 1168 caelesti
384 1112 415 1166 et
450 1101 607 1182 terrestri,
642 1101 900 1191 quemadmodum
925 1113 1052 1167 ⁴caetsnn

53 1207 175 1277 omnia
197 1205 346 1296 componi
375 1203 521 1296 efficique
551 1205 619 1270 Sini
647 1203 830 1296 philosophi
857 1205 1052 1288 concludant,

56 1335 182 1380 eorum
210 1311 312 1380 verbis
334 1311 505 1376 doceamrss.
548 1309 589 1375 Et
610 1309 751 1400 quidem,
787 1308 814 1376 si
842 1309 1054 1402 antiquissima
1145 1341 1149 1358 =

36 1416 238 1508 repetimus
260 1425 380 1505 praeter
401 1413 521 1506 figuras
542 1413 688 1504 Y-lsing
708 1411 789 1478 nibil
811 1413 940 1486 omnino
966 1404 1082 1504 repes
1113 1501 1116 1510 Ἰ

59 1522 132 1588 rire
155 1531 217 1602 est,
248 1519 306 1584 nisi
333 1541 432 1608 pauca
458 1517 552 1585 verba
585 1517 760 1608 appendicis
786 1515 883 1606 buj'ue
909 1503 1053 1602 Hisstsc,

62 1649 147 1715 quae
171 1621 256 1688 hic
246 1647 281 1688 ιιι
303 1633 491 1688 antecessum
513 1631 742 1713 repraesentare
764 1633 827 1704 est,
859 1647 905 1688 na·
920 1623 1054 1715 quidad

63 1725 306 1818 explicationem
328 1725 497 1824 systematis
517 1727 703 1818 requiratur.

155 1831 243 1897 lnY
273 1830 332 1904 (ait
351 1831 499 1906 Textus)
513 1844 625 1922 nempe
650 1829 872 1922 diagrammate
902 1806 1055 1924 principis
1084 1865 1090 1882 ·

66 1937 137 2002 Fo—
141 1928 201 2016 hi,
223 1946 269 2000 est
289 1934 377 2000 Tai
384 1933 422 1998 ki
444 1958 583 2002 summus
604 1929 770 2017 terminus,
792 1936 836 2003 ito
853 1947 890 2002 ut
904 1961 970 2002 non
982 1935 1055 2027 plus

67 2040 118 2106 sit.
164 2041 309 2106 Summus
324 2029 475 2105 terminus
492 2039 636 2130 producit
648 2040 709 2138 duo
727 2039 893 2122 elementa,
916 2041 1057 2132 primum

67 2147 250 2238 producunt
270 2145 373 2210 Tse·
356 2143 506 2234 -aiang,
536 2155 671 2234 quatuor
691 2144 860 2236 imagines,
891 2169 946 2211 sua
966 2145 1057 2213 alter·
1143 2147 1165 2212 ’,

227 2251 760 2296 -ι--ι-ῃ-ι-ὲ-ι--ι

69 2267 196 2334 natione
227 2303 343 2342 .....>
370 2321 414 2332 ..
425 2303 498 2343 ..2
525 2322 561 2334 ..
585 2305 759 2343 ..,....-
795 2291 850 2332 seu
879 2291 917 2333 ex
945 2267 1057 2334 lineari
1120 2271 1123 2277 ’

71 2371 194 2438 binario
212 2371 328 2461 primae
343 2371 547 2461 omniumque
563 2367 824 2475 simplicissimas
816 2371 1058 2437 combinationes

75 2495 153 2564 quse
181 2473 215 2569 in
245 2475 384 2538 animum
413 2475 520 2540 cadero
541 2475 679 2566 poesint'
688 2485 718 2539 et
738 2475 772 2539 in
793 2459 1057 2567 imaginationem.

73 2579 122 2645 Ex
141 2575 188 2642 his
217 2562 353 2668 quatuor
372 2577 570 2672 imaginibus
596 2589 709 2670 nmpe
736 2577 904 2645 linearibus
930 2579 1058 2646 binariis

77 2669 220 2748 oiiuntur
240 2683 305 2746 Pa·
314 2682 430 2764 lsoua,
452 2693 523 2748 octo
544 2679 682 2774 figurae,
704 2681 819 2775 ligura
824 2684 972 2775 siquidem
988 2707 1059 2775 pro·
1078 2749 1081 2765 ,

78 2786 143 2878 prie
164 2786 283 2851 dicitur
296 2784 350 2852 illa
366 2786 436 2852 sola
458 2787 622 2860 delineatio
636 2797 723 2878 quae
746 2789 907 2854 clauditur.
952 2790 1060 2888 Angu-

80 2889 150 2955 larie
164 2897 264 2955 etatem
271 2937 282 2971 ,
306 2889 404 2982 qualia
417 2875 470 2971 (dt
482 2892 598 2958 dictum
616 2905 676 2970 est)
691 2889 888 2959 terrestribus
906 2894 1060 2980 contenit,

83 3005 139 3059 tres
169 2993 280 3058 saltem
300 2993 396 3061 lineas
425 2997 568 3087 postulat.
607 2998 715 3091 Atque
745 2997 822 3063 haec
854 2999 890 3063 ad
924 2996 1060 3064 litteram

83 3091 343 3199 mentemque'3'id
362 3101 718 3196 'genus-*interpretum
752 3101 834 3167 dieta
866 3099 967 3168 sunto.
1011 3105 1062 3170 At
1174 3095 1191 3204 J

84 3200 304 3292 philosophiam
332 3225 409 3268 vero
439 3199 482 3269 it'n
509 3220 535 3272 ‘a'
561 3201 757 3297 physiologis
773 3204 988 3291 referuntur,
1026 3219 1063 3273 ut

85 3305 200 3371 nomina
221 3305 366 3372 Tei-tt
383 3307 516 3398 intelligi
540 3303 647 3376 debeat
662 3315 694 3385 ¹)
723 3300 960 3398 materiainxta
981 3333 1062 3378 sura-
1165 3365 1167 3372 ,

86 3433 164 3476 mum
188 3407 372 3491 terminum3
404 3421 516 3476 exnu
503 3437 616 3511 quem
646 3413 727 3477 nihil
758 3413 986 3504 homogenium
1014 3415 1091 3498 εἱῐ,ἱ

88 3537 137 3578 seu
164 3511 295 3599 juxta(
281 3514 322 3588 (ei
356 3513 399 3579 ita
428 3497 534 3605 loqui
549 3516 616 3579 sas'''
624 3526 681 3592 eet)
714 3517 895 3616 totalitatem
931 3531 1064 3611 sumpta,
1110 3575 1113 3580 ,

88 3615 199 3708 quaesi
220 3611 263 3681 iet
285 3611 478 3707 epectantur,
501 3629 613 3688 nstura
635 3643 690 3686 soa
711 3622 853 3768 (ἱιιιῙιιὶῑΗ
849 3621 999 3756 l'chao‘·
1007 3635 1063 3692 tse

90 3737 281 3756 w

123 3803 146 3856 t)
161 3793 243 3864 δίας·
236 3792 276 3844 ·li
282 3787 385 3848 beel·
376 3805 479 3868 wrong
472 3805 531 3850 ·ts-
535 3805 642 3898 tenea.
741 3835 744 3842 .
