2404 4288
457 214 499 230 --
564 187 626 250 stt
694 219 734 232 -·

168 339 236 406 Ubi
264 338 412 428 primum
446 338 608 402 communi
639 338 779 404 omnium
811 311 877 402 fele
910 337 1091 429 principum
1120 415 1122 424 A
1186 381 1191 388 ·

68 467 235 510 consensu
256 443 298 507 erl
319 441 454 532 publica
476 454 587 506 eorum
601 442 734 534 negotia
755 443 953 538 procurando
967 442 1091 539 Quen-

72 573 218 639 ouang
245 547 443 612 constitutus
465 557 522 628 est,
553 543 634 609 nihil
654 545 759 634 potius
781 544 906 625 habuit,
939 569 1034 640 quarn
1052 555 1093 610 ut

77 652 218 718 inaudita
246 650 408 716 hactenus
438 649 668 740 suppliciorum
698 647 848 715 acerbitas
881 649 1090 740 mitigaretur,
1198 673 1200 677 ·

84 756 233 822 remum
254 755 295 820 de
318 753 437 846 poenis
460 751 584 844 legibus
607 752 755 847 pristinis.
785 753 885 818 Invisa
907 764 974 819 erat
995 751 1093 842 inpri-

83 863 149 928 mis
168 861 311 926 columna
333 882 431 924 aerea
454 857 516 924 lata
535 855 795 948 aliquotrcubitia,
818 870 943 948 totaque
958 857 1090 924 interius

86 989 173 1046 saara7
190 965 286 1030 divisa
307 962 403 1030 velut
424 962 462 1026 in
484 973 545 1028 tres
566 961 823 1050 contignationes,
852 964 951 1028 tribus
973 961 1092 1060 scilicet

89 1071 217 1136 metibus
246 1066 365 1134 ferreis
395 1066 433 1130 in
463 1065 575 1156 quibus
602 1089 716 1156 magne
737 1065 899 1156 lignorum
921 1078 1021 1132 strues
1042 1091 1091 1132 ac·

90 1174 283 1241 condebatur.
329 1171 409 1235 lnde
446 1167 540 1234 fiebat
573 1181 622 1234 ut·
647 1170 784 1235 immisso
816 1171 912 1236 ternis
943 1181 1091 1261 tanquam
1155 1171 1156 1174 ’

88 1277 292 1369 receptaculis
316 1276 418 1366 igne,
450 1271 597 1369 calefacta
623 1271 815 1339 horrendum
836 1273 871 1338 in
892 1275 1020 1348 modum
1042 1270 1103 1340 ar·l
1162 1262 1168 1274 l

91 1385 183 1448 deret.
223 1381 274 1448 Ad
303 1379 390 1444 hanc
413 1377 509 1442 etiam
530 1375 685 1444 leviorum
707 1379 858 1444 scelerum
881 1378 929 1444 rei
950 1392 1004 1444 aut
1026 1402 1090 1444 sus·

90 1487 173 1576 pecti
192 1511 209 1550 a
229 1483 368 1550 scelestis
380 1482 516 1548 barbare
530 1481 700 1573 ingeniosis
712 1481 932 1574 alligabantur,
953 1495 990 1550 ut
1005 1507 1091 1548 nunc

84 1601 175 1654 recto
195 1613 279 1654 nunc
300 1589 432 1652 inverso
455 1585 518 1652 situ
546 1587 712 1675 pendentes
734 1587 865 1676 pedibus
884 1588 1089 1678 manibusque

87 1717 157 1758 eam
176 1693 262 1757 velut
282 1689 563 1782 amplecterentur*
590 1689 679 1755 Hanc
700 1691 921 1766 crudelitatem*
935 1703 967 1756 et
983 1704 1107 1756 trucu-=
1142 1689 1144 1700 ⁴

84 1797 202 1862 lentam
229 1798 264 1861 in
293 1795 467 1860 vinciendo
497 1794 682 1858 industriam
703 1816 849 1884 perversa
871 1795 942 1862 aula
962 1797 1094 1867 vocabat
1150 1782 1154 1795 ι

89 1902 283 1990 ingeniosam
308 1913 401 1989 atque
424 1897 529 1980 etiam,
551 1909 586 1962 ut
608 1909 654 1962 est
674 1899 708 1963 in
723 1899 963 1992 Chou-lring
983 1926 1089 1991 „spec-

88 2007 180 2072 tatrix
200 2006 270 2070 risu
293 2028 330 2070 ac
352 2003 476 2068 levibus
499 2001 655 2068 cachinnis
677 2005 900 2095 approbabat.‘⁴
931 2007 1023 2078 Quod
1040 2005 1090 2070 de-

84 2121 210 2175 testatus
242 2109 394 2199 princeps
433 2105 704 2198 Onon-ouang
742 2108 877 2177 aliorum
908 2102 1088 2199 principum

88 2215 223 2279 subsidio
246 2213 416 2303 gratiaque
438 2208 546 2290 fretus,
575 2210 702 2275 satalem
722 2212 1090 2287 machinamtollendarn

88 2317 272 2408 imperatori
302 2315 494 2405 persuadere
515 2313 627 2394 voluit,
649 2307 846 2404 repugnante
875 2317 947 2380 licet
968 2315 1089 2380 Ta-lt'i

87 2424 207 2514 regina,
231 2432 337 2485 tantae
360 2415 552 2482 crudelitatis
573 2417 754 2482 inventrice
788 2417 849 2484 Res
871 2418 1002 2508 proinde
1024 2441 1105 2484 nora·

86 2539 153 2592 erat
173 2551 290 2615 pamm
313 2521 511 2614 periculosa,
537 2519 688 2612 facileque
710 2520 780 2586 fieri
801 2533 938 2612 poterat,
960 2533 996 2588 ut
1017 2521 1090 2590 talia

87 2630 225 2712 consilia,
249 2645 332 2718 quae
354 2625 544 2690 inhumanae
566 2623 718 2692 foeminae
741 2626 844 2691 animo
865 2638 948 2692 certe
967 2627 1096 2718 ingrata

91 2746 184 2815 aaut
212 2745 292 2798 tuuc
323 2729 524 2822 suggeranda
543 2731 680 2796 eundem
701 2731 877 2820 principem
903 2731 1086 2822 poeniteret.
1151 2799 1154 2804 ,

91 2838 153 2902 Neo
173 2848 277 2902 tamen
299 2835 376 2914 ille,
407 2855 489 2924 quae
510 2845 577 2897 erat
598 2833 695 2898 animi
716 2833 898 2900 fortitudine
921 2835 960 2900 ab
981 2835 1087 2900 officio

91 2940 267 3006 absterritus
291 2951 349 3019 est,
373 2949 405 3002 et
426 2947 499 3027 post
519 2937 631 3002 multae
652 2937 741 3003 aulae
762 2939 916 3004 molestias
939 2951 970 3005 et
988 2939 1090 3032 indig-

94 3043 243 3110 nationem
264 3043 386 3110 invicta
414 3042 585 3106 constantia
613 3053 785 3132 superatas,
816 3044 849 3110 id
870 3041 972 3110 solum
993 3043 1090 3134 impe-

92 3148 177 3213 trarit
201 3160 239 3213 ut
264 3159 331 3214 tam
361 3157 453 3212 atrox
479 3141 596 3234 poehae
618 3171 725 3236 genua
740 3145 970 3237 prohiberetur.
1008 3147 1089 3214 Sunt
1125 3131 1140 3222 ,ἵ

94 3251 176 3316 etiam
197 3251 358 3332 historici,
379 3248 437 3340 qui
459 3249 637 3316 columnam
657 3251 796 3340 funditus
812 3277 951 3322 eversam
965 3263 995 3319 et
1006 3275 1089 3320 com·

91 3355 235 3422 miautam
257 3355 359 3422 fuisse
381 3363 523 3420 narrant.
553 3355 766 3445 .,‚Principem
797 3369 901 3422 autem
930 3357 1090 3423 atrociori-

90 3459 144 3526 bus
156 3461 201 3526 uti
218 3459 333 3552 poenis
356 3469 404 3523 est
422 3457 607 3545 magistrum
624 3471 806 3550 patremque
824 3453 946 3551 penitus
965 3483 1089 3544 exuere,

88 3567 166 3654 quod
186 3566 248 3657 ipsi
272 3567 441 3654 nunquam
465 3561 544 3625 licet.
589 3563 622 3627 ld
643 3561 766 3650 furori,⁴
785 3587 850 3630 non
871 3565 1017 3654 aequitati
1039 3567 1088 3629 da·

88 3681 151 3734 ham
174 3669 315 3761 populus
333 3666 489 3760 putabit.“
519 3665 584 3732 vid.
597 3678 660 3734 not,
673 3691 731 3734 sec.
744 3661 857 3736 de'eod.
871 3679 1065 3759 argumento.
1160 3738 1166 3758 1
