2476 4296
430 251 705 310 ·-213-

50 481 335 552 serruoamu
354 479 538 562 serron,
556 483 708 574 principis
725 481 1043 552 reruouuonc.

415 639 444 692 ta
462 649 563 715 spatam
581 650 692 696 sanun.

173 779 330 846 Dracones
353 780 386 843 in
408 782 543 848 desertis
564 796 738 872 pugnant,
766 807 883 850 eorum
906 757 1044 872 sangarii

63 888 186 975 miger
201 898 225 949 st
232 882 353 969 flavas
373 896 431 948 est.

427 1205 679 1252 reuomente.

163 1322 264 1394 iluiin
283 1323 357 1387 loco
380 1321 499 1386 deserto
520 1335 678 1416 pugnant,
708 1347 780 1390 cum
801 1347 866 1390 non
888 1325 949 1392 sint
970 1326 1045 1415 ipsis

67 1427 245 1492 &anonim
262 1426 448 1492 fortitudine
466 1425 643 1508 inferiores,
675 1426 831 1518 proelium
859 1440 1045 1518 nonpotest

62 1554 142 1596 esse
165 1531 349 1612 incruentam,
374 1530 472 1594 nsixto
493 1516 643 1621 sanguine
664 1532 860 1624 plebeiorum
882 1546 912 1600 et
929 1534 1045 1626 prinei·

65 1661 154 1725 pum
174 1639 274 1728 (regiae
293 1633 460 1710 sarniliae).

477 1765 632 1780 m

154 1851 270 1923 Silente
283 1855 383 1934 ,venit
405 1853 555 1936 victoria,
587 1854 869 1946 diuturnissspremi
890 1857 1043 1946 populum

63 1959 208 2023 aemam
231 1984 356 2028 necesse
384 1971 442 2026 est.
486 1957 520 2024 Si
546 1969 603 2024 stat
630 1959 730 2026 multo
752 1960 921 2052 euagrius,
954 1961 1044 2026 bonis

63 2059 196 2128 omuibus
215 2064 248 2130 lit
268 2066 383 2130 invisa.
417 2061 551 2153 Utrique
572 2063 783 2130 incommodae
805 2064 984 2154 suspicioni,
1008 2066 1043 2130 in

59 2162 107 2228 h'a
126 2167 236 2234 dualem
256 2167 422 2248 articulis,
453 2168 644 2235 occurritur
651 2194 669 2234 a
690 2169 834 2258 principe
855 2168 1041 2234 Tcheou·

62 2266 166 2374 long.
207 2273 241 2338 ln
263 2275 388 2363 clarinto,
411 2271 559 2337 victoriae
582 2272 721 2336 celeritas
743 2273 875 2337 indicata
897 2284 960 2353 est,
982 2271 1076 2360 hoo·

43 2353 151 2440 'asim
171 2390 273 2459 sexto,
307 2375 505 2493 proponitur
532 2373 600 2466 ipsa
629 2373 791 2464 pugnandi
818 2375 979 2444 necessitas
1006 2399 1045 2440 ac

59 2475 125 2542 belli
145 2483 287 2546 conditio.
335 2481 398 2546 Sed
423 2478 505 2542 enim
528 2489 662 2568 praestat
684 2478 788 2568 potius
811 2479 948 2544 audire
940 2476 1044 2570 speum

60 2579 262 2672 imperatorem
297 2583 555 2670 Ou-ouang
546 2608 580 2647 ιιι
612 2581 745 2648 comitiis
777 2580 974 2647 disserentem
1003 2583 1041 2648 de
1160 2661 1163 2666 1

61 2707 107 2750 sua
126 2689 173 2754 illa
194 2690 340 2770 victoria,
364 2713 472 2779 quarn,
495 2711 558 2752 non
580 2710 709 2752 suorum
730 2685 964 2776 proborumque
985 2687 1043 2752 im-

65 2791 129 2874 parii
146 2795 351 2874 bellatorum,
384 2794 438 2858 sed
461 2783 681 2870 sceleratorum
713 2791 847 2880 ιγιιιιιιιιι
874 2791 1042 2858 Tcheou

66 2893 259 2980 militantium,
284 2895 443 2988 sanguine
458 2907 647 2961 cruentatam
668 2893 764 2965 fuisse
785 2893 926 2961 affirmat.
956 2897 1040 2969 „Dia

68 2997 107 3076 (ia
120 3003 353 3092 Clau-laing
372 2999 453 3076 lt.)
473 3000 525 3064 vix
546 2999 742 3066 illucescente
764 2999 875 3066 milites
897 3001 1041 3091 perversi
1100 3002 1104 3008 ’

68 3098 208 3174 Tclraou
231 3108 292 3172 sub
314 3103 440 3172 vexillis
462 3104 692 3170 tamnumerosi
715 3129 807 3194 quem
821 3105 937 3170 suntin
955 3103 1042 3195 sylva

68 3205 182 3296 arbores,
212 3209 312 3278 simul
338 3231 511 3274 convenere
532 3209 632 3300 prope
657 3207 771 3290 ῑοοιιιιι,
801 3209 856 3298 qui
877 3235 895 3274 a
915 3209 1041 3282 desertis

68 3317 163 3394 rumis
184 3341 306 3382 nomen
329 3311 427 3378 habet
447 3310 528 3378 Mo·
518 3337 592 3404 ·ye.
636 3311 742 3378 Statim
772 3337 835 3376 non
863 3325 966 3378 lernen
987 3337 1042 3378 no·

68 3425 128 3482 tlros
150 3420 296 3512 aggressi
330 3428 425 3497 sunt,
457 3418 509 3481 sed
540 3427 590 3494 (ut
610 3425 739 3482 ventum
760 3428 804 3481 est
826 3417 862 3481 ad
884 3423 1041 3508 pugnarn)

66 3521 154 3606 quiin
176 3527 285 3616 priore
311 3545 441 3586 eorum
447 3522 511 3585 acie
537 3519 672 3601 stabant,
709 3532 928 3586 converterunt
957 3545 1042 3586 arma
1153 3555 1163 3574 x

64 3641 149 3694 contra
170 3629 397 3722 posteriorem,
419 3639 525 3692 cuntes
536 3647 642 3690 versus
654 3623 810 3690 borealem
827 3649 881 3689 seu
900 3623 1043 3690 ultimam

65 3743 212 3804 casam
237 3745 382 3827 partem
409 3729 594 3818 Sanguinis
613 3741 699 3796 tanto
721 3729 808 3818 eopia
831 3729 929 3808 fluxit,
951 3739 988 3792 ut
1008 3727 1042 3792 in

61 3853 89 3896 to
105 3839 241 3936 lignenm
268 3833 431 3929 pistillum
453 3837 572 3972 fluitare
594 3845 704 3926 potest.
706 3852 740 3894 ‘e
746 3821 834 3918 Nihil
851 3831 903 3896 laic
918 3831 1042 3919 qaudam
