2536 4276
480 131 539 228 ···¹
586 177 649 246 sce
715 186 797 256 -ῖ

127 329 344 426 producentis,
377 351 443 396 non
471 330 577 422 plures
598 327 738 420 prosecta
757 340 902 396 numerat
922 354 1016 427 quam
1037 357 1110 426 qu..

128 449 201 514 tuor
227 435 375 516 virtutes,
406 433 522 500 scilicet
549 433 704 498 naturales
731 435 901 524 generandi
922 433 1008 528 leges
1037 443 1107 502 ..lt

128 539 271 608 Mencius
290 539 365 604 dum
387 539 423 604 de
444 537 612 604 moralibus
634 537 817 620 virtutibus,
839 549 974 628 quatuor
990 535 1109 608 tautum

128 655 290 724 numerat,
320 641 392 708 licet
419 640 488 708 illas
515 651 672 731 comparet
698 647 770 705 cum
791 639 1019 708 elementis..
1043 643 1109 710 ‚ln

128 749 209 816 libro
238 747 363 838 antiquo
392 743 457 810 Li·
467 745 514 810 lsi.
544 743 619 834 Gap.
649 743 714 808 Li·
704 767 813 862 ·yun⁸
830 744 943 811 dicitur
967 769 1003 813 ea
1023 747 1111 816 volut
1150 756 1154 764 “

129 850 274 920 seminari
295 861 325 916 et
344 849 508 942 perspergi
530 849 566 912 in
588 837 722 946 quatuor
743 846 816 912 anni
838 851 1084 969 tempestates3
1074 876 1111 918 m

129 955 177 1022 Y·
188 955 297 1044 tting
325 975 391 1022 non
419 963 491 1018 sunt
521 950 582 1018 nisi
610 962 744 1040 quatuor
772 936 957 1044 Siang,
948 953 1109 1046 smsgines,

117 1059 229 1154 'prims
252 1056 369 1124 scilicet
390 1054 655 1122 combinationum
681 1065 712 1130 et
732 1055 994 1144 permutationum
1015 1057 1117 1149 speci·'

128 1162 222 1232 mina.
252 1163 317 1228 lmo
339 1184 396 1226 nec
417 1169 547 1250 possunt
567 1181 631 1237 esse
653 1157 745 1250 plura
767 1183 865 1253 quun
882 1171 1015 1251 quacior
1037 1209 1045 1226 .
1069 1209 1077 1227 .
1101 1211 1108 1228 .

128 1271 213 1360 juxta
234 1269 391 1336 doctorem
413 1265 453 1330 M
460 1260 658 1330 ion-tohai
680 1261 866 1354 asseclasque
888 1263 1112 1332 elementorum

129 1373 221 1442 series
244 1382 288 1438 est
309 1381 450 1462 quatuor.
493 1368 542 1434 Ex
571 1365 683 1458 quibus
711 1365 854 1431 omnibus
876 1367 908 1454 ιιι
930 1367 1039 1462 colligi
1058 1391 1112 1454 nq-

129 1499 210 1544 cesse
240 1485 301 1556 est,
330 1498 438 1540 vocem
467 1471 592 1538 sinicam
621 1471 744 1564 lling,
780 1469 806 1536 si
827 1470 920 1536 latine
942 1487 1031 1539 sonat
1052 1471 1111 1538 ele·

128 1591 285 1660 mentum,
316 1577 354 1644 ab
383 1577 431 1644 his
457 1574 652 1668 philosophis
682 1565 837 1666 de'ligno
859 1575 1046 1695 metalloque
1068 1571 1112 1642 ita
1160 1637 1166 1656 ,
1197 1579 1200 1586 ’

129 1682 325 1774 loquentibus
346 1681 444 1772 accipi
465 1681 563 1746 solere
592 1677 690 1746 illis
680 1703 714 1743 m
735 1676 811 1744 locis
833 1679 996 1748 eundem
986 1705 1021 1746 ιιι
1043 1702 1110 1752 sen·
1154 1691 1157 1695 ’
1202 1743 1204 1754 ,

130 1811 214 1868 sum,
236 1809 329 1877 quem
351 1779 449 1850 nostri
462 1775 643 1876 interpretes
661 1781 803 1850 tribuunt
813 1781 973 1852 Anssoteh
988 1783 1109 1892 coelum
1170 1786 1172 1794 '
1210 1824 1223 1840 ·

130 1902 184 1956 aut
205 1888 358 1956 aethera
349 1901 430 1956 mter
452 1887 600 1956 elementa
622 1887 806 1954 numeranti.
862 1955 870 1978 .
1176 1965 1180 1976 3

214 1993 392 2060 Aristoteles
416 1995 536 2082 (ajunt)
558 1991 674 2094 hocin
696 1993 906 2084 textuaccipit
924 1991 1111 2061 vocabulum

129 2097 272 2166 elementi
293 2099 369 2182 late,
392 2111 487 2190 prout
508 2097 539 2164 id
561 2083 598 2164 esi
619 2119 681 2190 quo
703 2095 820 2189 aliquid
835 2097 1059 2218 componitur-3
1081 2111 1112 2164 et
1201 2107 1205 2116 '

129 2205 162 2269 in
185 2227 222 2269 eo
245 2227 337 2268 sensu
358 2201 482 2287 coelum
507 2215 552 2269 est
573 2202 760 2268 elementum
789 2202 945 2285 universi,
976 2203 1111 2293 quando-

130 2309 255 2400 quidem
284 2306 370 2372 illius
398 2331 470 2398 pars
499 2319 543 2374 est
570 2320 601 2374 et
622 2307 745 2398 quidem
766 2307 946 2396 praecipua.
991 2303 1110 2370 Deinde

130 2410 164 2476 in
179 2413 286 2476 ecdem
302 2434 394 2476 sensu
411 2411 492 2476 idem
508 2413 601 2494 addit,
624 2419 740 2477 terram
755 2433 810 2476 seu
822 2409 974 2490 tellurem,
989 2431 1110 2500 aquam,

129 2527 204 2607 puta
226 2515 339 2596 masia,
372 2525 474 2580 utrem
502 2538 565 2582 ease
588 2515 751 2598 elementa,
783 2536 893 2604 nempe
915 2523 987 2585 sunt
1008 2523 1110 2602 psrtes

129 2620 221 2686 etiam
257 2617 439 2684 universum
466 2631 692 2708 componentes.
735 2619 849 2684 Eadem
878 2627 922 2684 est
949 2616 1109 2708 responsio
1142 2606 1145 2615 s

129 2723 240 2804 Gabai,
264 2721 319 2814 qui
340 2721 562 2788 recentioribus
583 2723 665 2788 viam
687 2726 723 2790 ad
745 2721 977 2814 physiologiam
997 2721 1111 2787 metasse

38 2885 42 2899 .
127 2829 255 2896 rendam
277 2823 409 2918 aperuit.
454 2825 532 2890 Nam
563 2825 620 2896 ubi
647 2827 816 2892 mixtorum
836 2837 955 2918 partam
978 2847 1109 2892 crassam

85 3008 97 3030 Ι
128 2957 164 3000 ac
183 2931 278 2998 lixam
304 2939 431 3020 aparte
454 2929 617 3049 spirituosa
643 2942 673 2995 et
693 2927 856 3028 volatili(
841 2941 978 3022 (praeter
999 2931 1110 2996 bumo-

127 3033 448 3116 immundissimis,
481 3046 517 3100 ut
543 3033 577 3099 in
598 3028 653 3099 ills
672 3033 769 3102 veluti
790 3020 949 3102 materiam
972 3045 1002 3100 et
1022 3033 1109 3124 prin·

128 3141 245 3234 cipium
267 3141 368 3244 iners,
397 3139 431 3204 in
461 3137 521 3206 hac
549 3138 681 3217 sormam
701 3139 953 3257 principiumque
974 3139 1109 3220 activum

127 3247 309 3331 constituat,
338 3269 415 3340 quae
445 3243 595 3310 elementa
621 3244 751 3334 proprie
779 3243 840 3309 dici
865 3243 1002 3360 possint3
1034 3245 1108 3309 dum

128 3349 195 3415 od
186 3373 292 3440 agnem
314 3373 407 3442 quem
425 3349 580 3430 videmus,
612 3371 724 3440 aquarn
747 3369 807 3438 qus
827 3345 964 3435 utimur,
994 3358 1108 3414 terram

82 3507 99 3558 s
128 3477 245 3544 qpam
241 3452 410 3542 calcunus,
440 3464 541 3542 attrem
563 3451 741 3544 spirabilem
763 3451 937 3542 disserenqo
958 3451 1109 3542 pervenit,
1194 3481 1197 3488 “

126 3557 194 3636 illa
201 3525 354 3624 sensibilia
376 3569 508 3658 quatupr
530 3569 655 3631 eatenus
677 3555 715 3659 sl)
736 3555 870 3656 antiquis
893 3553 1004 3621 nostris
1027 3555 1107 3622 elicta

126 3661 220 3727 fuisse
241 3661 389 3732 clementa
410 3663 537 3751 prohat,
568 3675 715 3754 quatenus
738 3671 809 3726 sunt
831 3659 979 3726 elementa
999 3653 1107 3726 mundi
1211 3661 1218 3670 ”

127 3765 309 3837 sublunaris
325 3765 360 3832 ln
376 3765 564 3856 explicandis
579 3791 657 3860 ergo
671 3763 841 3848 §inarum
831 3775 965 3861 lulum
975 3764 1106 3837 sufibus
1172 3854 1173 3862 ι
