2546 4274
350 148 490 300 -
554 195 618 266 tos
683 153 765 244 -’

26 385 36 426 ι
70 350 204 444 capitis
226 359 266 421 ts
288 347 517 417 allusionibus?
545 344 686 421 inventio
707 346 821 414 retium
843 347 881 414 ad
902 343 1083 438 piscandum

26 493 33 532 ι
72 455 206 524 alludit
236 457 274 522 ad
303 453 502 546 trigesimum
531 453 684 520 emblema
715 451 750 517 in
780 475 842 542 quo
872 453 958 532 nibil
984 455 1083 521 simile
1174 526 1177 534 ,

26 596 34 638 ς
76 571 280 648 annotatum
301 559 457 626 nundinae
477 559 659 624 reseruntur
681 557 718 622 ad
737 555 925 648 vigesimum
945 557 1085 648 primum

26 705 32 746 ,
78 668 132 732 ob
157 665 264 755 aliqua
285 661 398 746 verba,
426 663 500 730 licet
528 673 591 730 toto
621 683 712 726 sensu
734 661 774 726 ab
795 659 843 725 his
864 661 1014 750 discedat3
1048 665 1086 730 ad

26 813 30 850 1
79 769 216 861 navigii
232 767 381 858 lubricam
396 767 475 834 seire
490 766 647 856 laevigare
662 765 802 858 lignum,
827 767 935 833 currui
950 769 1085 860 'jungere
1154 793 1159 802 ·

26 919 30 956 ,
81 875 208 954 boves,
250 895 399 940 exacuere
432 873 590 963 sagittam,
632 891 743 936 arcum
779 895 925 954 curvare,
966 871 1087 964 aliaque

26 1025 30 1062 Ξ
83 978 123 1045 id
155 1001 258 1070 genus
287 1001 349 1044 usu
377 976 524 1061 inventa,
555 974 630 1065 quid
659 973 736 1040 haee
762 973 864 1042 facere
891 989 1020 1066 possunt
1049 975 1107 1044 ad¹

86 1083 279 1150 emblemata
301 1081 431 1174 politica
454 1091 513 1164 59,
538 1089 596 1162 1⁷,
619 1091 670 1152 62.
714 1081 780 1146 Nec
803 1080 919 1146 mirum
942 1079 1089 1147 estnihil

88 1188 127 1254 in
148 1188 268 1254 bomm
289 1187 425 1253 textibus
447 1188 484 1253 de
505 1184 640 1251 inventis
660 1181 709 1250 his
730 1182 917 1250 mechanicis
945 1186 1089 1277 reperiri,

26 1343 28 1378 ,
90 1304 207 1383 utpote
229 1317 248 1358 a
270 1315 362 1358 sensu
384 1301 635 1383 argumentoque
662 1288 821 1384 ipsiusque
842 1289 917 1356 libri
943 1290 1093 1384 Y-lsing

26 1447 29 1484 q
91 1396 217 1462 alianis.
260 1397 322 1463 Sed
350 1395 468 1462 mirum
498 1417 536 1460 ex
567 1392 616 1459 his
645 1392 763 1483 aliquas
784 1393 910 1460 voculas
931 1394 1091 1476 interdum

26 1557 29 1594 q
92 1501 181 1568 trahi
203 1499 330 1584 inritas,
353 1499 516 1590 aliquoties
534 1521 575 1563 ne
589 1495 644 1563 has
660 1497 784 1588 quidem
800 1482 938 1590 exedulpi
954 1500 1092 1590 potuisse

26 1693 27 1696 Ἴ
94 1605 136 1670 ab
165 1601 215 1669 hia
245 1603 472 1695 appendicibus
499 1600 660 1692 appelletis
693 1613 794 1667 tamen
823 1603 1002 1670 nominibus
1030 1627 1092 1670 em·

26 1769 28 1804 ,
94 1709 269 1776 blematum
290 1708 420 1798 perinde
443 1731 479 1773 ao
501 1706 613 1772 allusio
634 1705 799 1797 perspicua
821 1719 916 1796 esset3
944 1707 996 1774 sed
1017 1707 1108 1798 hueo‘¹

26 1873 27 1910 q
96 1811 273 1880 distinctius
301 1815 339 1879 ad
361 1813 477 1880 calcem
498 1810 594 1877 unius
616 1812 767 1901 cujusque
787 1821 897 1878 textus.
944 1819 984 1902 b)
1001 1811 1093 1878 Prae·

26 1977 28 2016 q
99 1917 178 1984 cissa
205 1916 364 2010 solidaque
394 1929 440 1984 est
468 1914 615 1992 Conluoii
646 1915 775 1982 docendi
803 1915 901 1998 ratio,
940 1916 1093 1989 studiosus

26 2083 28 2106 q
99 2045 223 2114 semper
235 2022 370 2090 delectus
386 2045 494 2088 rerum
512 2020 719 2103 dicendarum,
738 2020 898 2112 gravitatis
913 2019 1094 2106 verborum,

26 2115 27 2120 ἵ
100 2127 242 2193 utilitatis
264 2139 505 2218 praeceptorum
526 2149 698 2216 aureaeque
717 2123 955 2214 mediocritatis3
989 2135 1021 2191 at
1042 2149 1095 2214 ap·

26 2299 27 2304 ,
101 2231 247 2320 pendioes
277 2229 352 2298 istae
381 2229 473 2296 utilia
502 2227 666 2295 inutilibus
695 2239 725 2293 et
749 2228 972 2318 intempestivis
1000 2227 1095 2293 inter·

102 2333 239 2426 pellant,
272 2335 320 2401 uti
354 2336 391 2400 ad
419 2333 524 2400 varios
560 2330 708 2398 articulos
738 2321 919 2397 annotatum
947 2331 1095 2422 reperies,
1149 2413 1154 2434 Ι

103 2463 133 2506 r.
165 2455 200 2530 ες
228 2439 337 2534 capitis
366 2435 464 2528 primi
497 2437 685 2517 secundum,
722 2431 848 2500 tertium
879 2445 918 2499 et'
938 2444 1097 2524 quartum,

105 2541 161 2615 ubi
181 2541 217 2608 lit
238 2541 355 2608 mentio
377 2539 641 2622 venientia‘solis‚
670 2538 811 2606 abeuntis
833 2537 926 2604 lunae
949 2549 1006 2604 ete
1029 2561 1097 2604 ver-

105 2644 163 2711 mis
191 2657 228 2712 se*
253 2643 426 2736 torquentis
459 2655 518 2710 eto.
555 2643 717 2734 interjecta
748 2644 838 2713 velut
866 2655 982 2711 temere
1013 2641 1098 2710 inter

108 2746 343 2840 explicationem
365 2747 555 2815 emblematis
579 2761 619 2820 52
643 2759 673 2814 et
686 2755 744 2832 47,
766 2773 845 2839 quae
868 2771 940 2814 oum
961 2747 1097 2814 motibus

108 2851 156 2918 bis
184 2851 266 2918 nibil
298 2851 428 2918 omnino
457 2853 581 2940 habeut.
623 2851 752 2920 Nihilne
780 2852 903 2920 inanius
925 2851 1098 2943 leviusque,

109 2979 148 3021 ne
168 2955 267 3022 dicam
288 2955 411 3047 puerile
418 2987 433 3039 ‚¹
451 2981 545 3049 mam
561 2958 665 3049 Caput
683 2957 847 3048 septimum
866 2967 920 3022 aut
936 2968 1098 3034 octavum:
1182 3021 1186 3038 ,

109 3059 208 3125 Ilien
230 3071 276 3126 est
297 3060 441 3143 eoelum,
478 3073 523 3128 est
551 3085 668 3152 equus,
699 3071 744 3128 est
767 3073 863 3151 eaput
889 3072 946 3133 eto.
987 3061 1100 3130 ttoen

54 3233 61 3238 ,
111 3174 153 3229 est
173 3173 275 3248 terra,
296 3177 344 3232 est
364 3187 475 3249 vacca,
497 3176 544 3231 est
564 3176 691 3247 uterus,
722 3188 856 3255 quorum
878 3165 914 3232 ut
935 3165 1032 3234 trium
1055 3190 1100 3234 ae·

112 3267 270 3358 quentium
300 3267 447 3359 Cupitum
480 3267 655 3338 versionem
683 3269 752 3335 ideo
783 3267 985 3337 omittendam
1016 3271 1124 3362 duxi„

113 3383 146 3448 6)
174 3371 258 3462 Quid
293 3374 331 3439 de
367 3373 507 3439 numeris
535 3371 644 3465 capitis
680 3372 781 3441 octavi
808 3373 942 3442 lli-tae
974 3375 1099 3445 dicam?
1214 3400 1218 3410 '

112 3474 284 3566 prolerrine
313 3487 415 3568 potest
450 3477 501 3545 rel
528 3499 611 3544 unus
640 3474 727 3544 locus
759 3501 798 3544 ex
829 3479 922 3544 certis
953 3477 1101 3560 Conbsoii

114 3577 273 3669 operibus,
302 3581 358 3675 qui
387 3581 453 3651 vim
482 3580 575 3650 faciat
600 3579 636 3650 in
665 3579 771 3674 aliquo
799 3604 932 3650 numero
960 3583 998 3650 ad
1027 3607 1101 3652 suae

115 3695 163 3749 aut
183 3682 300 3752 abenas
322 3685 490 3754 sententiae
511 3685 746 3780 probationem,
775 3687 830 3779 qui
858 3685 978 3782 leviter
991 3687 1100 3758 saltem

26 3853 27 3858 ,
65 3847 68 3852 Α
115 3787 225 3882 indicat
245 3789 428 3871 divisionem
442 3815 650 3862 numerorum
667 3789 703 3862 iu
718 3790 863 3864 coelestes
877 3804 912 3876 et
930 3802 1099 3882 terrestres,
