2476 4296
717 45 725 86 l

557 229 726 304 -2252
795 259 835 272 -

290 379 360 447 Hoc
386 351 532 444 familiari
554 351 696 470 exemplo
718 379 862 470 princeps
884 367 1218 500 Tcheou-ls'ong

201 483 291 548 docet
318 495 436 574 patrem
466 505 557 547 suum
583 483 695 550 merito
724 483 859 575 potuisse
882 483 1024 566 cunctari
1046 508 1133 550 cum
1162 479 1218 586 nel

202 587 326 677 gotium
345 596 492 677 ageretur
513 587 661 684 periculis
681 588 820 678 plenum,
850 613 928 680 quae
945 588 1054 654 nullus
1070 563 1218 698 aurumi]

202 690 259 780 qui
278 703 353 756 tunc
374 690 538 778 supersites
561 704 669 774 essent,
691 693 831 782 unquam
851 693 984 772 adiisset,
1004 717 1064 757 nec
1085 669 1218 760 omnial

200 795 244 859 ita
265 791 364 859 essent
383 791 448 856 illo
462 805 602 883 tempore
624 807 747 886 parata,
775 807 811 861 ut
832 797 996 887 negotium
1017 795 1122 862 semel
1152 824 1218 887 ag-
1202 809 1218 900 -Ρ

97 952 100 956 ,
139 973 142 987 .
199 920 333 990 gressus,
355 895 484 962 s1forte
505 899 609 972 minus
632 901 815 984 succederet,
838 901 876 965 ab
899 925 935 964 oo
957 901 1123 966 discedere
1153 891 1218 970 ali-l

137 990 140 1004 ’
200 1025 261 1092 qna
282 1000 332 1066 via
352 1024 417 1066 non
438 1001 584 1068 indecore
605 1015 716 1093 posset.
758 1005 798 1068 Et
819 1027 894 1068 vero
917 1005 1029 1094 negari
1051 1029 1122 1070 non
1144 1031 1218 1100 po

88 1113 113 1159 ι’
197 1116 289 1192 terat
305 1117 393 1170 tunc
411 1107 523 1172 tentari
559 1105 676 1196 aliquid
705 1106 792 1173 valde
824 1097 980 1172 odiosum'
996 1103 1218 1230 nowmque,p

78 1209 82 1218 '
118 1255 124 1258 -
196 1209 267 1274 licet
289 1209 397 1280 deinde
419 1223 491 1300 post
510 1211 699 1294 continentes
719 1207 844 1300 viginti
835 1213 978 1276 duarum
995 1199 1218 1300 familiaruml

60 3846 65 3865 .
182 3819 502 3900 utramquepartem,
534 3810 1172 3902 etquid„suendumsitcumquidese
1217 3829 1218 3850 l

115 1333 138 1351 ·’
195 1313 354 1402 regiarum
377 1315 562 1378 mutationes
584 1291 717 1402 populos
734 1315 839 1378 minus
852 1313 1050 1382 abhorruisse
1064 1339 1218 1382 necesse

194 1415 309 1500 suerit,
322 1429 412 1508 atque
434 1419 508 1482 adeo
531 1417 562 1482 id
584 1417 697 1482 audere
718 1419 822 1484 minus
844 1421 992 1484 odiosum.
1038 1423 1120 1486 Nam
1148 1441 1218 1514 sta-p

194 1521 257 1588 mel
288 1507 409 1587 tentum
436 1521 498 1586 illis
529 1521 719 1610 temporibus
748 1521 787 1586 ab
817 1523 941 1616 antiqua
970 1521 1089 1587 samilin
1111 1525 1218 1602 Hie}

194 1625 362 1715 imperium
379 1625 561 1695 translatum
574 1625 674 1690 fuerat
689 1627 725 1689 ad
743 1626 916 1721 principem
926 1627 1193 1720 Tchin·.tang
1217 1631 1218 1700 I

191 1741 353 1812 auctorem
381 1732 489 1822 domus
517 1727 656 1820 Chang
687 1729 763 1814 (Yn
785 1743 889 1820 postea
911 1731 991 1796 dicta
1013 1744 1072 1806 est)
1104 1729 1218 1822 quaes

185 1845 262 1926 ‘post
284 1834 444 1922 pacificam
467 1857 520 1898 sex
541 1833 718 1902 seculorum
739 1835 961 1924 possessionem
983 1837 1046 1923 jam
1069 1838 1191 1902 esolio
1217 1833 1218 1842 ’

192 1938 381 2003 deturbanda
410 1939 642 2028 proponebatur
671 1950 701 2002 ot
729 1949 848 2002 tantum
874 1963 940 2034 npn
960 1941 1191 2030 extinguenda.
1217 1927 1218 1974 l

116 2105 121 2116 ,
192 2041 294 2130 Hujus
316 2042 441 2131 quidem
459 2041 584 2107 'consilii
606 2054 745 2108 auctores
764 2040 895 2108 habebnt
911 2042 1187 2136 Onon-oneng

190 2144 544 2241 plerosque'principes
573 2129 749 2236 causasque'
770 2169 844 2238 quas
883 2172 976 2238 supra
1007 2148 1185 2228 attulimus,
1217 2161 1218 2244 Ρ

176 2252 242 2314 ·sed
256 2251 372 2315 'ducem
395 2249 489 2316 simili
510 2251 543 2314 in
565 2263 599 2315 re
621 2262 776 2348 versatum
799 2251 927 2314 omnino‘
949 2251 1089 2317 nullum.=
1106 2251 1183 2316 ludo

190 2355 335 2448 anxietas,
356 2355 427 2420 inde
450 2355 608 2422 cunctatio
630 2349 805 2472 principis,
825 2379 864 2418 ne
886 2355 917 2419 id
943 2355 1064 2446 negotii
1087 2357 1183 2422 susci·
1217 2363 1218 2454 Ρ

188 2471 277 2550 peret
292 2462 382 2549 cujus
405 2460 522 2524 exitum
544 2459 683 2550 reperire
705 2483 769 2522 non
790 2469 893 2560 posset
914 2471 968 2523 aut
989 2459 1181 2549 reipublicae
1217 2439 1218 2512 l

187 2563 299 2628 utilem
326 2575 380 2628 aut
407 2563 467 2628 sibi
495 2554 650 2626 de'borum.
694 2562 806 2634 „Licet
827 2586 905 2653 ergo
927 2575 1034 2652 utpote
1057 2565 1178 2654 sapiens
1217 2579 1218 2660 Ρ

187 2667 377 2750 (Confiacius
397 2666 454 2741 ait)
486 2689 552 2758 non
582 2663 709 2730 haberet
740 2667 880 2742 animum
910 2665 1109 2732 obfirmatum
1143 2669 1218 2732 ad

188 2793 229 2859 ag
209 2771 355 2832 ¹rendum
364 2767 415 2832 rel
435 2791 508 2832 uon
524 2768 694 2858 agendum,
727 2772 778 2836 sod
805 2773 887 2872 quod
908 2771 955 2836 rei
977 2771 1124 2838 convenit
1146 2773 1218 2836 id

187 2872 274 2964 sequi
296 2871 422 2937 vellet.“
464 2871 597 2938 Gerebat
628 2883 731 2938 tamen
758 2899 798 2938 ne
828 2874 859 2940 id
882 2875 981 2942 solum
1003 2877 1176 2942 considera·
1217 2857 1218 2968 Ρ

186 2987 259 3042 rent
279 3001 373 3064 quam
395 3000 444 3042 res
466 2987 543 3041 esset
564 2979 674 3055 deeora
696 2989 726 3042 et
746 2977 879 3068 imperio
902 2979 1099 3060 conveniens,
1125 2982 1218 3048 sed

187 3081 281 3146 etiarn
313 3106 354 3164 pn
382 3079 534 3144 haberent
564 3081 717 3147 efficiendi
742 3081 938 3168 facultatem3
968 3095 1001 3167 'et
1031 3084 1074 3148 ob
1095 3083 1176 3148 hasac
1217 3099 1218 3194 Ρ

184 3183 338 3275 imprimis
367 3183 635 3304 praeparationem
666 3185 847 3277 diligentem
874 3187 908 3251 in
936 3186 1057 3278 magnis
1080 3211 1189 3278 nego.

184 3289 235 3354 tiis
266 3287 432 3354 adhibitam
464 3289 620 3380 animique
652 3291 862 3380 provisionem
894 3289 1039 3380 princeps
1072 3290 1126 3354 ille
1155 3317 1173 3355 a

185 3391 339 3458 Confusio
361 3393 549 3484 caeterisque
576 3395 676 3485 gentis
698 3395 886 3485 sapiont‘bus
908 3413 997 3484 saepe
1020 3394 1172 3476 laudatur,

167 3497 354 3586 etquidem
371 3521 435 3562 non
451 3499 618 3570 immerito
647 3499 774 3572 „Nam
766 3499 887 3590 ingenii
905 3499 1171 3594 (inquiuntetiam

148 3596 457 3691 lnost'risapientes)
479 3604 592 3693 magni
607 3615 661 3684 est,
684 3603 844 3693 peicipere
861 3593 1048 3692 dogitatione
1067 3603 1171 3669 sutura
1217 3633 1218 3662 ι

182 3716 213 3768 et
241 3703 401 3794 aliquanto
433 3719 503 3771 ante
531 3705 716 3772 constituero
745 3708 819 3823 (prid
849 3707 986 3780 accidere
1015 3709 1115 3797 possit
1140 3709 1168 3772 in
