2536 4276
540 187 582 204 ·-
647 157 817 223 ἦθΒ-ι·

188 304 244 374 ille
267 309 336 374 ideo
359 319 517 390 centrum,
541 309 624 374 sinus
646 309 786 376 eoelestis
804 307 949 375 materiae
963 306 1078 398 Yang
1101 335 1144 373 .·.
1170 357 1178 374 .

189 425 234 477 est
255 437 367 504 parens
395 413 472 478 lucis
494 411 624 514 sonsque
645 413 732 479 velot
752 415 872 478 lucidus
895 417 935 476 .¹.
959 461 967 474 .
994 436 1067 478 eum
1091 415 1178 478 nihil

188 517 299 583 babeat
313 515 358 583 'ex
374 517 430 581 Yn
445 517 571 580 nuteria
590 519 745 598 terrestri,
768 530 813 582 eet
834 517 945 606 purior
966 517 1009 580 ita
1031 529 1068 584 ut
1089 518 1177 608 ignis

188 623 386 712 quantumvis
415 639 512 708 purus
541 623 607 710 ejus
637 633 791 706 actuosum
821 622 884 686 vien
913 620 1176 714 splendoremque

187 727 306 818 ustoqui
328 735 471 816 nequeat.
493 773 500 788 .
524 773 535 800 .‚
556 771 563 787 .
601 725 685 814 lgnis
706 725 797 788 habet
818 724 902 798 (virle
923 741 1033 814 supra)
1053 725 1175 816 aliquid

186 829 272 893 intus
300 829 475 920 nigricans,
509 827 564 895 ille
596 830 678 894 intus
709 827 808 918 magis
837 829 931 894 micat
959 829 1172 921 splendetque.

186 933 268 997 ldem
290 935 326 998 de
349 933 405 996 Yn
433 955 487 996 seu
513 933 640 996 neoterio
669 934 806 1004 terrestri
828 933 945 998 dietum
966 945 1057 1023 puta,
1091 961 1172 1026 quae

124 1071 127 1084 ·
166 1039 300 1128 ‚corpus
323 1045 367 1101 e'st
386 1036 468 1101 haud
495 1037 589 1102 dubie
617 1037 651 1100 in
673 1037 795 1116 tellure,
818 1037 894 1102 haec
910 1049 954 1103 est
974 1038 1077 1128 itaque
1101 1063 1172 1104 cen-

185 1153 287 1220 trum,
320 1135 426 1206 fodina
455 1153 487 1205 et
517 1141 605 1206 velut
632 1140 702 1205 fons
731 1141 826 1208 totius
857 1142 984 1232 spiritus
1015 1142 1091 1238 Υιιοἱ
1128 1145 1172 1208 At

185 1243 324 1332 quamvis
345 1245 428 1310 intua
449 1245 560 1310 habeat
587 1271 605 1310 a
639 1269 699 1336 qua
728 1255 790 1310 tota
819 1246 1013 1336 pervaditur,
1048 1259 1169 1335 partem

183 1347 413 1414 subtilissimam
435 1347 579 1413 materiae
601 1371 656 1414 seu
676 1349 903 1438 principiiYn,
926 1361 971 1414 eat
993 1361 1096 1416 tumen
1118 1351 1170 1415 ira·

183 1465 255 1519 tura
276 1477 330 1518 sua
351 1454 471 1546 segnis,
503 1453 604 1534 iners,
637 1451 723 1534 vilis,
753 1475 929 1542 crassaque,
962 1453 988 1518 si
1009 1453 1170 1524 ooulertur

186 1579 258 1624 oum
280 1559 407 1624 materia
428 1555 551 1624 coelesti
565 1579 627 1621 'seu
649 1555 806 1646 principio
828 1557 948 1648 Yang.
991 1560 1023 1623 A
1045 1581 1109 1648 quo
1131 1560 1169 1622 ad

182 1674 301 1730 motum
334 1685 500 1752 rerumque
532 1661 763 1752 generationem
784 1661 947 1726 excitatur.
1000 1661 1034 1726 ld
1062 1661 1167 1752 ipsum

185 1769 369 1858 persuadere
391 1778 495 1857 potest
524 1765 608 1855 quod
636 1765 773 1855 quotidie
800 1765 947 1830 videmus.
991 1765 1111 1837 Tellus
1123 1777 1168 1832 est

182 1897 294 1961 epam,
327 1871 458 1951 obscena
488 1881 519 1932 et
548 1869 678 1934 tenebris
709 1867 863 1935 obvoluta.
908 1872 987 1933 Ata
1009 1864 1167 1938 soleillu·

183 1988 314 2055 stratur‚
344 1973 443 2053 lueet,
473 1973 606 2037 formosa
629 1985 674 2038 est
703 2021 710 2036 .
735 2021 742 2038 .
767 2022 774 2034 .
796 1972 913 2062 pariter
933 1973 1052 2049 (aiunt)
1073 1974 1165 2064 longe

183 2077 286 2142 differt
315 2076 360 2140 sol
388 2097 451 2140 non
485 2077 701 2167 magnitudine
737 2077 960 2168 altitudineque
997 2078 1078 2158 sole,
1113 2079 1163 2142 sed

182 2179 367 2274 praestantia
396 2181 540 2246 materiae
570 2181 738 2247 virtutihus
774 2181 865 2270 vique
900 2181 1013 2271 agendi
1045 2207 1063 2246 a
1092 2181 1162 2245 luna

181 2301 276 2378 (quae
306 2285 346 2348 ob
376 2285 438 2350 hoc
470 2297 589 2351 tantuin
616 2285 780 2351 discrimen
811 2285 925 2384 dicitur
959 2285 1032 2360 Yn)
1064 2285 1163 2350 minus

182 2391 333 2482 perlecta,
366 2389 491 2480 segnior
512 2390 677 2478 viliorque.
722 2389 823 2454 lenset
852 2401 953 2454 tamen
982 2389 1099 2456 mirum
1130 2391 1163 2453 in

144 2512 151 2529 '
180 2497 306 2562 modum
329 2493 483 2584 plenoque
512 2495 588 2560 orbe
616 2495 651 2558 in
672 2492 863 2582 pleniluniis.
907 2491 1027 2560 Lucem
1050 2495 1164 2560 seilicet

180 2623 266 2664 suam
289 2598 347 2671 (ait
367 2596 626 2687 Tclringtae)
650 2609 811 2664 mutentur
832 2598 943 2678 anate,
967 2599 1043 2690 quin
1061 2609 1162 2665 tamen

180 2703 205 2766 ia
228 2701 362 2792 potiatur
383 2699 610 2766 detrimentum.
655 2701 728 2768 Lux
756 2702 839 2766 enim
862 2703 953 2768 lunae
973 2715 1018 2768 est
1040 2703 1096 2768 lux
1117 2727 1162 2768 eo-

182 2805 251 2870 lis‘.
275 2851 282 2868 .
307 2851 314 2867 .
357 2801 451 2870 Luna
476 2804 594 2895 (inquit
614 2805 785 2882 Tsai-lsi)
816 2819 862 2898 eat
890 2805 996 2875 similis
1027 2831 1163 2898 aquaaa

180 2909 242 2975 sole
264 2907 441 2974 illustretee.
463 2909 570 2999 Aquae
593 2909 769 3000 superficies
786 2910 935 2978 subvertit
956 2909 1035 2976 lucis
1049 2909 1161 2989 radios,

179 3017 292 3102 eosque
312 3011 457 3078 vibratio
474 3013 622 3104 parietem
644 3061 651 3078 .
675 3061 683 3078 .
707 3063 714 3078 .
739 3015 1161 3106 Luna(ait0uang·pou)

76 3147 81 3154 ·
179 3141 237 3184 neo
267 3107 337 3182 ideo
366 3118 447 3207 quod
476 3115 548 3182 solis
579 3117 649 3182 luoe
670 3119 787 3200 luceat,
801 3118 910 3182 ‘mittit
938 3127 1161 3208 receperatque

179 3223 293 3290 lumen.
337 3219 487 3312 Equidem
519 3221 586 3286 solo
613 3221 668 3288 illo
699 3235 837 3312 tempore
869 3245 931 3312 quo
960 3213 1103 3310 pedrenit
1124 3221 1160 3284 ad

179 3327 255 3394 solis.
271 3325 497 3418 oppositionem
519 3325 697 3392 hominibus
727 3328 762 3392 in
783 3326 884 3392 medio
905 3325 1013 3417 positis
1031 3335 1160 3414 ,apparet

178 3431 280 3522 plena.
303 3435 345 3497 'At
358 3430 453 3523 siq'nis
468 3431 516 3496 vir
527 3429 627 3498 Genio
641 3429 749 3496 similis
760 3441 861 3522 posset
878 3429 938 3496 alte
959 3427 1082 3496 insilire
1102 3477 1110 3492 .
1126 3473 1133 3491 .
1149 3475 1158 3490 .

179 3549 211 3602 et
240 3537 322 3602 inter
348 3535 444 3602 solem
473 3547 504 3601 et
534 3535 641 3602 lunam
669 3559 699 3600 se
722 3532 1033 3623 collocare,1'prooul
1063 3531 1158 3601 dulaio

118 3676 122 3685 ,
178 3641 252 3731 ipsis
274 3640 416 3732 priorum
436 3639 579 3730 phasium
600 3639 705 3706 diebus
727 3641 844 3724 yider‘et
865 3639 972 3705 lunam
985 3635 1159 3728 pleneillu·

178 3757 307 3813 stratum
328 3743 533 3838 lucidamque.
548 3745 619 3884 'Ad
647 3741 724 3816 haee
747 3743 847 3840 igitur
869 3741 1008 3836 quisquis
1030 3749 1160 3808 attentos
