2572 4286
501 269 542 284 -
607 232 673 312 tce
735 268 782 306 ¹-

143 354 304 484 euengi
325 346 399 458 irem
419 391 612 459 idridentur
633 354 742 458 decere
758 391 944 487 interpretes
965 374 1037 482 post
1057 389 1139 458 Gon·

143 495 265 561 sucium
289 507 319 561 et
339 497 505 562 Mencium
527 495 634 590 omnie
652 495 880 587 'splendor-i
908 495 1033 586 vique
1062 495 1140 561 vir-

141 599 245 666 tutis
268 599 563 692 Oue-n·oueng
595 601 778 666 tribuentes.
821 601 877 667 At'
894 609 1014 666 certum
1033 609 1148 664 estex·

140 703 272 769 historie
294 705 589 796 Ouen-eueug
609 703 694 770 bello
716 705 809 770 etiem
831 703 933 795 egisse
955 701 1143 796 contre‘eli

141 829 222 897 quoe
243 800 386 874 dominos
407 808 562 875 ditionum
582 798 769 890 vicimum,
788 809 852 876 Mi
865 845 876 858 ·
888 808 1030 889 fei-ou,
1052 829 1139 872 nuuc

143 911 428 1002 Siniye-hien
450 913 484 978 in
506 911 669 1003 provincie
689 913 857 995 Horren,
890 903 1062 1002 Tchoug
1082 911 1139 1002 qui

139 1017 177 1082 in
199 1016 269 1106 ipse
292 1016 508 1108 Chi-king
528 1016 716 1106 indicentur,
739 1015 825 1082 etin
847 1017 929 1082 netis
946 1016 1067 1082 ‘clerius
1088 1018 1138 1081 de-

142 1120 345 1186 scribuntur:
377 1122 420 1187 At
448 1122 532 1212 epud
552 1123 739 1211 interpretes
767 1132 798 1186 et
818 1121 984 1186 historicos
998 1109 1137 1207 'celebiis
1162 1193 1168 1212 ⁶

119 1235 187 1290 'est
198 1225 361 1291 submissio
376 1227 509 1292 duorum
523 1225 707 1316 principum
722 1226 876 1291 ditionum
899 1225 960 1290 Yu
982 1236 1013 1290 et
1028 1225 1137 1306 Seni,

143 1329 199 1418 qui
211 1351 294 1418 ¹suern
309 1331 431 1396 Oeen
445 1369 457 1382 ·
469 1355 609 1422 oueng
631 1329 746 1396 dissidii
769 1331 817 1396 sui
840 1329 994 1396 erbitrum
1016 1327 1138 1394 sumsis-

141 1444 220 1514 sent,
243 1427 286 1498 ite
304 1433 393 1500 suere
415 1435 499 1525 cepti
520 1434 637 1502 virtute
659 1432 821 1526 principis,
841 1445 877 1501 ut
898 1434 1066 1500 discordiae
1087 1455 1139 1500 ve·

118 1521 189 1602 'lut
206 1535 297 1602 obliti
317 1537 411 1603 illum
432 1539 467 1604 in
489 1561 670 1628 supremum
692 1537 1040 1629 dominum'elegerint.
1083 1537 1138 1602 Ut

142 1641 266 1723 enim,
289 1642 388 1726 uiuet,
410 1641 527 1708 illius
549 1655 680 1710 terres
702 1643 888 1736 ingressi
911 1631 1005 1710 sunt
1033 1641 1138 1733 egri-

140 1743 253 1810 colee
276 1746 355 1835 ipsi
376 1769 528 1812 summe
546 1749 783 1832 urbanitate
805 1745 1138 1816 euedetulerunt

141 1851 348 1941 obsequie,
371 1853 770 1944 occurrereubique
791 1854 835 1919 'ed
858 1851 1138 1938 semulendum

141 1955 280 2044 peisti,
302 1956 417 2022 urbes
440 1969 695 2048 repererunt
716 1957 873 2049 populo
896 1955 1137 2049 cultissimo

142 2051 297 2148 plenis,
328 2056 388 2126 ite
409 2073 453 2126 ut
474 2083 513 2126 ee
535 2063 682 2128 demum
703 2061 920 2132 invenisse
941 2061 1137 2128 homines
1253 2084 1257 2092 ·

140 2162 222 2229 hoc
243 2165 579 2255 nomine-dignos
602 2165 808 2233 dicerent
853 2165 903 2230 Ab
925 2163 989 2230 hec
1007 2165 1136 2230 submis-

142 2269 247 2351 sione,
270 2293 367 2358 quem
388 2291 462 2335 mox
483 2268 536 2350 elii
558 2269 671 2334 imiteti
693 2282 786 2351 sunt,
810 2291 917 2334 omnes
939 2268 1038 2333 ferme
1059 2267 1137 2333 enti·

140 2373 192 2462 qui
215 2373 382 2463 scriptores
415 2371 563 2440 inchoent
595 2373 767 2462 imperium
795 2371 932 2438 funiliee
954 2370 1135 2437 Tcheou.

140 2475 187 2542 Ae
197 2477 296 2542 inster
311 2476 456 2564 ominium
468 2476 506 2542 sit
524 2475 758 2568 antiquissimus
772 2475 908 2568 Heng-
916 2475 1100 2568 gen-lieu
1109 2499 1136 2556 e,

139 2603 216 2670 quo
252 2603 353 2646 enne
382 2603 510 2672 regne
537 2581 597 2647 Yu
619 2593 657 2647 et
690 2581 789 2666 Spui
818 2591 937 2672 pecte
959 2575 1137 2647 fiimere-

137 2697 241 2768 runt,
264 2683 692 2778 Onon-ouengeccepte
714 2711 860 2778 supreme
881 2696 1032 2778 petestete
1055 2709 1136 2752 coe·

137 2789 201 2878 pit
223 2787 336 2855 huno
352 2789 571 2880 eppellers
593 2789 853 2872 Yuen·kisn,
876 2787 1052 2880 primum
1074 2815 1134 2858 en·

137 2917 240 2958 num.
285 2895 406 2977 Novem
428 2907 531 2962 temen
553 2894 655 2962 selum
677 2907 773 2986 pest
793 2917 922 2962 eunus
944 2905 1133 2960 mortuus

135 3011 222 3065 est,
249 3001 291 3064 At
313 3000 458 3067 statimne
480 3000 580 3066 mevit
599 3023 688 3066 erme
710 2993 961 3091 Ou·oueng?
985 3000 1065 3064 Sunt
1079 2997 1134 3088 qui

135 3103 224 3170 eium
246 3104 367 3169 decime
390 3116 422 3170 et
443 3103 611 3170 undecimo
633 3100 748 3170 milites
770 3103 922 3194 provisos.
945 3103 1008 3168 tte
1029 3103 1135 3175 Tesi-

135 3205 237 3282 chin
259 3231 361 3300 supre,
376 3209 526 3274 leudetus.
547 3255 550 3262 ,
570 3207 653 3274 Sunt
674 3208 729 3302 qui
750 3219 872 3275 tentum
894 3208 1059 3274 undecimo
1081 3225 1139 3298 pe·

133 3335 216 3378 resse
239 3312 354 3380 milites
376 3313 554 3404 principem
575 3311 697 3380 volunt.
743 3313 786 3378 lte
819 3311 911 3378 sentit
931 3311 1136 3402 flung-in·
1238 3373 1246 3386 ,

11 3473 12 3482 ,
133 3428 184 3482 te:
208 3427 332 3498 erent,
347 3417 459 3510 inquit,
475 3417 689 3508 principes
712 3417 782 3508 qui
803 3415 1134 3508 tergiverseren·

11 3557 12 3574 κ
131 3533 220 3607 tur3
254 3545 328 3586 nec
360 3521 441 3588 nisi
476 3522 605 3588 tertio
641 3543 744 3588 enno
781 3547 799 3586 e
831 3531 961 3586 morte
991 3518 1132 3586 Ouen-

132 3649 267 3717 eueng
288 3649 329 3691 se
348 3627 639 3714 adjunxerunt.
673 3623 716 3692 At
733 3649 838 3691 nonne
860 3624 936 3690 heec
958 3627 1068 3690 eodem
1087 3649 1134 3690 re·

131 3723 267 3796 cidunt?
302 3728 363 3796 hoc
385 3729 487 3822 ipsum
510 3740 556 3794 est
577 3753 686 3820 perere
708 3729 846 3814 bellum,
869 3729 927 3812 ire,
949 3728 1062 3812 redire,
1085 3754 1133 3794 er·

114 3847 228 3927 *metes
250 3833 396 3936 undique
413 3857 572 3926 questore.
616 3835 737 3941 Mejer
756 3833 924 3901 difficulter
945 3831 1026 3916 sorte
1047 3833 1166 3914 vide·
1217 3909 1222 3912 ,
