2582 4328
597 245 873 304 -ile-

243 393 320 459 lum.
364 391 451 458 ma·
482 393 570 456 tata·
602 391 782 458 mulionem
813 392 941 458 solertia
967 393 1233 484 ntiquetvntm

241 495 1231 590 perlaiestmadmitterwihiltameninencnlpneest

242 625 253 666 ⁴.
326 603 484 673 Quarta
503 598 696 680 linea‚·ait
714 599 991 692 Tching·tse,
1014 600 1094 681 Yn,
1117 605 1231 692 quin

240 719 303 770 tae
334 705 466 768 lineae
487 703 621 794 lang
649 705 920 793 imperatoris
954 704 1090 770 locum
1126 707 1231 772 exhi

237 809 349 874 henti
380 808 521 874 vicina
552 819 615 871 est
645 807 860 897 refertque
889 833 1076 896 magnum
1108 810 1232 876 illins

236 911 478 992 ministrum,
499 935 565 976 non
586 911 678 976 tentis
699 921 803 974 tannen
825 911 1013 976 instructum
1033 913 1179 994 dotibus,
1201 929 1232 979 nt

235 1015 333 1106 possit
353 1013 442 1080 malis
463 1025 495 1080 et
514 1013 697 1104 periculosis
719 1015 914 1102 temporibus
930 1015 1053 1104 imperii
1072 1040 1127 1081 res
1149 1043 1231 1084 enm

234 1143 361 1210 potiere.
394 1119 429 1182 ln
451 1117 510 1182 hec
531 1130 634 1182 tamen
655 1115 809 1182 facultatis
830 1119 1042 1183 mediocritate
1063 1131 1112 1184 est
1133 1123 1230 1186 unice

234 1225 386 1302 sincerus,
406 1221 518 1305 fidelis,
538 1235 571 1288 et
590 1223 673 1310 apud
693 1221 869 1312 principem
889 1223 1110 1288 auctoritntem
1132 1225 1229 1290 hehet

233 1352 395 1410 mininam.
440 1327 540 1395 Potest
561 1325 678 1390 idcireo
699 1349 737 1388 ee
756 1325 803 1389 uti
825 1327 865 1390 ad
885 1327 1026 1390 animum
1049 1329 1120 1414 ejus
1143 1331 1228 1395 clara

231 1456 338 1498 remo
357 1431 470 1496 notitie
489 1429 719 1510 instruendum,
734 1439 768 1494 et
782 1455 855 1497 cnm
874 1431 916 1494 oh
933 1429 1151 1498 dillimaltatem
1164 1459 1229 1500 om

231 1538 285 1602 nie
303 1535 490 1624 nonpossit,
511 1533 601 1598 dehet
619 1531 777 1614 idsaoere,
798 1535 884 1623 qnod
904 1534 964 1623 ipsi
981 1535 1149 1624 integrum
1172 1553 1228 1622 ar,

231 1665 308 1730 erga
328 1639 503 1730 principem
523 1659 669 1701 renuens
690 1649 721 1702 et
741 1637 901 1718 tineam,
923 1639 958 1702 in
979 1641 1117 1704 amando
1137 1641 1227 1708 hono

231 1765 440 1835 ροηεητω.
482 1741 702 1808 Necdnhium
733 1743 811 1832 quin
842 1742 877 1806 in
906 1741 955 1808 his
984 1745 1166 1833 angustiis,
1203 1749 1226 1812 si

229 1850 340 1914 offeret
369 1846 488 1936 aliquid
521 1844 590 1910 leve
620 1844 831 1910 observantia
860 1870 954 1912 causa
980 1861 1024 1920 (r.
1053 1871 1088 1935 g.
1119 1851 1225 1916 solnm

228 1975 330 2032 unum
351 1949 511 2018 ruoilum
523 1949 590 2014 vini
606 1948 744 2030 hihendi,
766 1975 867 2016 mium
886 1949 1036 2039 poculum
1050 1955 1223 2028 uterulnm)

227 2055 253 2121 ai
274 2052 347 2122 fidei
367 2076 426 2120 auo
446 2053 584 2144 principi
604 2054 707 2144 magis
738 2077 776 2118 ac
795 2053 899 2144 magis
928 2054 1119 2145 obligandae
1150 2085 1220 2124 can-

227 2159 326 2227 tiones
347 2179 414 2224 non
433 2169 540 2249 aperte
560 2169 718 2250 procuret,
741 2181 795 2224 seu
812 2181 879 2222 non
898 2183 987 2224 more
1004 2159 1150 2244 solemni,
1174 2164 1220 2228 nti

224 2265 314 2332 decet
334 2263 535 2345 ministmm,
568 2264 620 2330 sed
642 2262 794 2326 industrie
814 2261 919 2352 aliqua
939 2286 976 2328 ac
996 2263 1083 2330 velut
1105 2265 1219 2332 furtim

139 2359 145 2374 ⁸
228 2382 259 2438 et
280 2393 337 2460 per
355 2368 523 2434 fenestram
544 2367 703 2448 ohtineat,
734 2365 820 2432 illins
847 2367 959 2456 egendi
979 2367 1061 2432 ratio
1081 2367 1218 2457 placebit

222 2473 370 2564 principi,
391 2471 463 2536 lieet
476 2473 507 2536 id
525 2483 626 2538 totum
640 2471 763 2536 ehemt
779 2495 798 2534 a
818 2471 1002 2536 rectitudine
1020 2471 1147 2538 rituum
1168 2473 1215 2538 vel

223 2577 494 2644 consuetudinum.
525 2575 646 2640 Officiis
664 2573 796 2664 fideique
818 2576 933 2640 cedunt
953 2575 1042 2657 ritus,
1064 2577 1214 2644 menime

223 2681 293 2745 niae
315 2691 372 2745 etc
400 2677 529 2744 Caetera
546 2701 625 2768 qum
647 2679 730 2768 apud
750 2677 813 2744 loci
835 2679 930 2766 hujus
951 2677 1138 2769 interpretes
1160 2695 1213 2760 est,

222 2783 270 2848 vel
292 2783 400 2847 eodem
421 2782 572 2863 recidunt,
593 2781 644 2848 rel
665 2783 705 2847 eh
725 2795 914 2874 argumento
935 2783 1092 2848 aher-rem.
1127 2785 1213 2875 Quid

221 2887 307 2952 enim
339 2887 378 2952 nd
411 2883 656 2976 epiphonematis
686 2911 811 2952 sensum
841 2887 916 2954 facit
945 2888 1098 2978 quidquid
1125 2915 1157 2954 v.
1180 2917 1210 2980 g.

219 2989 467 3081 Tohing-tae
489 2989 582 3056 tendit
602 2992 641 3054 de
661 2991 789 3056 monitis
810 2991 991 3080 imperatori
1011 2991 1116 3080 palam
1140 2995 1212 3059 den·

219 3092 265 3162 die
286 3093 426 3186 detisque
447 3093 533 3176 olim,
555 3119 636 3186 qnae
657 3095 722 3185 ipse
742 3091 865 3160 relect?

305 3201 377 3266 Non
395 3197 601 3264 omittendum
619 3213 722 3264 umen
739 3211 885 3290 putamus
900 3199 932 3264 id
953 3201 1037 3291 quod
1057 3201 1090 3266 in
1109 3201 1213 3293 glossa

218 3305 379 3371 communi
400 3314 586 3386 annotatur,
608 3303 703 3391 hujus
723 3303 968 3394 epiphonematis
991 3315 1112 3370 textum
1133 3307 1211 3372 nllu-

216 3411 290 3473 dere
310 3409 348 3472 nd
370 3407 513 3473 ritualem
535 3407 650 3472 librum
667 3405 904 3490 Tcheou-li,
927 3409 983 3498 qui
1004 3409 1084 3474 ritus
1104 3411 1211 3474 aOu·

217 3537 351 3602 oneng
383 3535 437 3576 aen
459 3512 561 3602 potius
584 3513 623 3576 ah
645 3511 741 3602 ipsius
772 3511 890 3576 familia
921 3511 1010 3600 regia
1040 3513 1208 3578 Tnheou

180 3669 186 3678 .
217 3617 358 3683 inductos
391 3628 517 3682 auctore
537 3613 849 3706 Tcheou-kong
879 3615 1047 3704 complecti
1082 3617 1207 3684 dicitnr.

215 3725 294 3790 Nam
317 3722 350 3787 in
371 3735 489 3809 magna
517 3721 725 3802 caerimonia,
758 3731 895 3812 quornm
928 3719 1075 3788 meminit
1105 3723 1206 3786 textus

213 3827 286 3896 utui
305 3825 506 3894 excoluisse
537 3837 569 3890 et
601 3826 732 3890 omnino
763 3823 922 3895 ohserwi
948 3847 1053 3890 eunen
1072 3837 1204 3892 omistnt.

401 3928 418 3961 Γ
