2476 4296
340 57 347 80 a
459 39 468 76 l

464 131 539 196 ⁵·
606 146 673 212 ttt'
735 173 776 195 -·
814 135 859 190 ’Ψ

145 301 269 396 attingit
290 301 327 368 de
348 321 421 366 casu
441 309 601 390 morteque
614 297 729 366 aemuli
745 290 1153 388 imperatoria'l'cheoug

144 407 232 475 huno
251 403 403 472 nimirum
424 425 530 469 omnes
552 402 698 485 aciebus&
719 401 836 469 arnissis
858 425 877 468 e
897 423 954 465 aua
974 398 1153 490 imperiali

95 565 97 574 .
144 510 273 591 familia,
295 509 402 574 slavo
424 505 580 599 insigni
602 511 657 594 (ut
673 530 760 603 nunc
777 503 997 600 excingulo
1020 501 1153 569 flavo

144 626 315 684 noscuntur
335 613 417 705 rogii
439 613 600 706 sanguinis
621 612 776 691 homines)
797 611 939 680 distincta
954 633 1048 700 qaum
1068 609 1157 698 plu-

143 720 242 801 rimis,
266 729 391 809 totoque
412 717 551 784 exercitu
572 717 728 808 dissipato,
758 716 896 807 sibiipsi
917 737 1029 781 manus
1050 713 1155 782 intu-

143 823 230 904 lisse,
261 843 466 914 accensaeque
487 821 575 888 aulae
601 823 718 888 medios
747 819 781 887 in
809 819 917 913 ignes,
949 819 1068 910 quibus
1092 831 1154 889 tot

142 926 227 1005 viros
249 927 468 1008 coahusserat,
490 937 629 994 coactum
649 925 780 990 irruere.

108 1067 110 1074 ·
229 1030 332 1103 (luam
363 1029 404 1094 ob
436 1053 560 1096 causam
589 1028 715 1120 sanguis
746 1027 882 1094 slavus
911 1027 1152 1118 nigro-im-

142 1134 289 1202 mixtus
319 1133 381 1200 dici
409 1119 521 1200 merito
547 1134 651 1226 potuit
671 1133 711 1198 oh
733 1133 844 1224 populi
865 1131 966 1226 nigris
988 1143 1068 1222 tunc
1092 1133 1151 1224 pi-

127 1237 232 1304 'leolis
263 1235 363 1330 vulgis
392 1238 507 1304 utentis
539 1243 708 1324 (vocamur
734 1237 861 1329 nigro
877 1235 1153 1328 plebeiillius

141 1342 266 1430 aetatis)
296 1353 328 1411 et
354 1342 431 1410 victi
461 1341 655 1432 imperatoris
684 1341 818 1407 familiae
846 1343 1048 1430 conjunctam
1073 1363 1155 1408 cae-

142 1448 221 1514 dem.
265 1447 328 1512 Vix
354 1459 438 1524 certo
464 1447 501 1516 ad
528 1445 622 1534 hujus
651 1457 752 1524 tostus
781 1445 1036 1536 perspicuitatem
1057 1447 1152 1514 desi.

140 1549 243 1617 denari
262 1551 339 1641 'quid
359 1561 468 1641 potest.
511 1551 591 1617 Nam
616 1573 743 1641 pugnae
770 1571 887 1642 genus,
916 1548 979 1619 loci
1004 1573 1150 1636 nornen,

140 1655 303 1745 exitusque
324 1675 448 1720 sensum
467 1651 652 1720 historicum
672 1666 779 1745 aperte
807 1653 997 1744 loquuntur,
1031 1653 1080 1721 ita
1103 1671 1152 1728 ut

141 1757 212 1826 catis
241 1757 281 1824 ait
311 1770 398 1850 gesta
425 1756 537 1848 legisse
561 1757 596 1826 in
616 1755 925 1840 Tahsou-chou,
956 1759 995 1824 ad
1016 1758 1149 1828 intelli-

141 1863 280 1954 gendum
301 1863 445 1955 aenigma
465 1861 611 1930 hislibri
630 1861 846 1952 Tcheou-y
873 1861 976 1928 verbis
1007 1862 1151 1937 involu-

139 1978 218 2032 tum.
250 1967 292 2035 At
312 1967 350 2032 ad
372 1967 515 2058 politicae
536 1989 592 2034 seu
612 1965 740 2060 moralis
761 1964 942 2056 disciplinae
963 1965 1150 2041 utilitatem
1210 2027 1213 2034 Δ

139 2069 217 2141 lacit
236 2069 313 2137 haec
332 2069 453 2164 phrasis
474 2070 538 2140 sola
560 2071 745 2165 pugnare
766 2071 808 2142 in
829 2071 1011 2143 desertis.
1051 2075 1149 2142 Nam

114 2236 117 2245 ,
140 2185 196 2256 est,
216 2173 302 2264 juxta
322 2175 507 2268 interpretes
519 2175 645 2242 sortiter
657 2199 813 2268 pugnare,
836 2199 941 2242 amore
959 2175 1061 2270 solius
1087 2191 1149 2255 (ut
1198 2229 1200 2234 .

139 2279 258 2373 dicetqr
279 2279 376 2356 infra)
396 2280 474 2348 honi
493 2279 613 2372 publici
635 2281 717 2372 quod
734 2281 820 2349 decet
834 2280 1014 2372 sapientem,
1038 2307 1148 2375 quern

95 2431 96 2436 κ
139 2383 240 2452 victui
260 2383 324 2452 sola
346 2385 456 2452 excitat
477 2385 630 2476 regitque.
1078 2373 1081 2384 ⁴

207 2500 214 2532 l

431 2634 435 2643 ἱ
526 2575 741 2616 mnostrtottet.

137 2689 141 2698 '
209 2679 520 2751 sustentantem,
544 2681 673 2757 verisque
697 2683 789 2755 prima
813 2679 903 2752 initia,
928 2681 1051 2756 trigoris
1075 2705 1147 2746 oum
1206 2677 1215 2733 τ’

138 2769 233 2827 calore
249 2769 306 2839 jam
323 2769 566 2854 appropinquante
583 2772 655 2826 bella
673 2771 807 2828 hocloco
825 2768 993 2846 interpretes
1012 2791 1147 2832 comme-

136 2868 262 2929 morant,
286 2870 318 2914 ut
341 2859 415 2916 istard
442 2859 594 2936 symbolum
617 2859 759 2916 terrestria
779 2861 921 2932 materiae,
946 2879 996 2916 seu
1015 2863 1147 2920 aia-tutis

137 2947 206 3017 Yn,
232 2950 441 3006 accommodent
467 2946 561 3016 textui,
588 2948 633 3003 hic
659 2947 729 3003 nihil
755 2948 817 3004 nisi
833 2967 939 3024 pugnas
964 2959 993 3004 et
1017 2954 1146 3026 quidam
1192 2963 1207 3005 ’.ι

137 3038 200 3096 luca
217 3035 371 3093 meridiana
392 3037 494 3094 clarius
513 3035 659 3110 exhibenti,
678 3053 745 3114 quas
763 3037 956 3096 acilicctu'nas
975 3039 1145 3114 eloquitur.

208 3124 311 3191 „Coelo
329 3136 442 3180 tonante
460 3127 561 3190 lauant)
586 3143 638 3206 rer
663 3126 816 3201 aperitur.
836 3165 843 3182 .
863 3166 898 3183 ..
926 3125 1025 3200 halgur
1048 3141 1099 3185 est
1127 3147 1147 3185 a

110 3231 119 3248 ‘
135 3212 286 3286 principiil
303 3231 351 3269 eeu
369 3201 491 3273 mater-iil
508 3215 556 3271 Yn
576 3225 603 3271 et
619 3215 720 3290 Yang
734 3215 853 3270 invicem
867 3217 1046 3276 luctantibus.
1073 3219 1147 3274 Ful·

135 3319 199 3354 mon
217 3303 257 3356 eet
274 3303 309 3360 ub
328 3302 424 3359 iisdem
443 3303 563 3360 invicem
581 3305 658 3360 velut
678 3305 897 3378 percutientibus
917 3345 924 3362 .
943 3343 978 3362 ..
1000 3345 1010 3361 .
1038 3306 1144 3362 fulmi-

135 3387 179 3444 nis
198 3389 268 3445 ictus
286 3391 321 3446 ah
340 3392 388 3446 Yn
407 3401 434 3448 et
452 3393 552 3466 Yang
571 3393 689 3448 lnvicem
707 3405 860 3468 contraque
879 3394 1134 3454 incurrentibus.“
1194 3393 1211 3454 tl

207 3476 246 3532 lta
264 3479 422 3562 philosophi
441 3481 527 3555 aliqui
545 3481 574 3536 in
590 3501 676 3556 opera
685 3483 878 3556 philosophico
892 3483 1033 3558 sing-li
1049 3487 1070 3540 l.
1082 3493 1140 3552 22,

135 3567 165 3622 in
185 3567 285 3641 quibus
306 3579 474 3644 supponunt,
491 3580 523 3624 ut
544 3569 633 3631 nostri
653 3571 762 3646 antiqui
779 3571 897 3646 physici,
923 3571 1073 3647 principia
1095 3591 1140 3626 ra-

131 3671 197 3710 rum
214 3675 280 3727 asse,
299 3656 373 3711 inter
391 3675 419 3711 aa
437 3659 592 3712 contraria:
620 3657 715 3734 „Quae
733 3660 787 3723 (ait
797 3658 958 3716 Aristoteles
968 3659 1018 3716 lib.
1027 3661 1049 3715 l.
1064 3663 1136 3734 phy·

133 3743 205 3815 sio.)⁶
226 3746 278 3801 fuit
296 3755 420 3802 ananan
438 3747 562 3803 οιιιιιίιιιιι
579 3749 713 3806 sententie
731 3749 930 3804 accensenaia.
950 3749 1139 3806 Damocritus
1182 3751 1208 3838 Ι“

587 4001 613 4056 ,·
