2476 4296
551 247 593 264 -
610 201 632 221 ⁰
659 221 719 280 soa
743 262 747 278 .
786 241 828 266 ·-

194 365 360 448 muman
382 349 571 438 tostusztacti
591 365 690 432 molas
709 361 869 432 incumbat
890 366 974 454 quod
995 358 1095 455 tignis
1113 387 1198 454 qua·
1224 322 1225 360 i

193 469 291 540 dratis
331 471 534 538 connectitur.
583 471 849 543 Quemadmodum
888 479 991 532 autem
1021 467 1195 534 fabrorum
1224 509 1225 516 ι

192 573 325 666 peritiae
358 586 403 640 est
424 576 515 640 inter
546 586 708 664 congestas
736 573 837 638 trabes
863 595 930 636 eam
962 571 1194 670 internoscere,

99 747 102 754 ,
193 702 277 770 quae
298 680 333 746 iu
354 678 515 744 vinculum
537 677 707 767 substerni,
724 675 857 770 quaein
879 673 1011 742 tabutata
1033 675 1194 740 committi

74 785 76 797 '
195 794 342 870 possunts
363 793 477 874 „putre
500 781 614 866 (stabat
631 780 802 846 Conlucius
819 803 946 870 carpens
958 800 1090 844 unumc
1106 779 1194 852 suis)
1225 780 1226 846 ³

192 881 320 973 lignum
342 911 406 950 non
428 910 460 950 ss
486 897 593 976 aptum
613 883 752 974 sculpi“;
779 885 823 950 ita
841 884 1007 974 prudentia
1028 893 1075 947 est
1094 905 1195 946 nossa

193 987 338 1053 virorum
368 993 451 1056 dotes
481 1013 517 1056 ac
544 987 691 1053 utilitates
719 1012 798 1080 quaa
827 1007 866 1052 ex
895 985 943 1052 his
972 985 1092 1076 percipi
1117 1009 1193 1075 pos-

80 1123 87 1132 ·
121 1073 124 1083 i
194 1101 277 1155 sunt.
323 1093 485 1204 improbus
514 1085 639 1182 cjuidem
660 1089 823 1156 Tcheou
848 1103 914 1156 erat
934 1102 1024 1156 natus
1045 1101 1081 1154 ut
1103 1087 1192 1154 locet

134 1265 138 1274 ¹
194 1191 322 1296 imperii
344 1173 503 1275 columen,
526 1195 577 1260 sed
599 1219 671 1260 cum
692 1219 847 1262 removeri
837 1194 1018 1276 debuerit,
1039 1191 1191 1284 nunquid
1226 1238 1227 1262 ι

195 1288 373 1387 respublica
401 1295 537 1362 Sinansis
569 1299 726 1390 permittet
763 1299 867 1366 omnia
898 1293 1020 1366 ruere?
1053 1297 1190 1362 mirairno

195 1423 289 1485 ver03
315 1398 441 1471 cumin
463 1401 577 1467 eximio
598 1403 741 1494 principe
763 1403 984 1492 Ou-oiaang
1002 1400 1112 1466 babeat
1130 1401 1188 1492 qui

114 1575 116 1582 ,
165 1559 174 1580 s
196 1503 323 1594 regium
334 1503 394 1570 boc
406 1503 566 1596 fastigium
578 1507 728 1602 sustinere
743 1507 848 1597 possit,
863 1505 1050 1570 incredibilis
1061 1505 1189 1569 demen-

197 1607 258 1672 tiae
280 1619 357 1672 esset
377 1607 469 1673 malle
492 1619 588 1678 totam
609 1619 681 1676 sudo
703 1612 812 1676 domus
833 1609 1092 1676 substructionem
1116 1609 1188 1672 sub-

197 1711 288 1793 verti,
311 1735 404 1802 quom
427 1714 660 1804 quadratum
686 1715 859 1806 tigiaum,
891 1713 948 1778 etsi
968 1724 1121 1792 rectum
1143 1737 1186 1776 ac

197 1813 378 1896 firmum,
400 1815 434 1880 in
457 1815 561 1882 locum
583 1817 743 1883 columnae
759 1821 821 1906 jam
836 1817 962 1883 serendo
976 1815 1104 1906 imparis
1120 1825 1187 1892 tuc-
1227 1893 1228 1898 γ

160 1972 166 1987 .
198 1921 316 1986 cedere.
361 1919 403 1984 Ita
436 1921 493 1986 sub
522 1923 715 2014 aenigmate
725 1922 844 1988 disserit
869 1919 1051 1986 Tcheou-
1040 1919 1185 2010 -lsong,

197 2022 371 2114 apologista
393 2021 497 2090 fratris
526 2025 574 2090 sui
596 2025 672 2092 Ou·
662 2050 811 2118 -ouang
830 2051 865 2090 an
886 2026 932 2090 Y
921 2025 1056 2130 ·l‹ing;
1085 2023 1130 2090 ait
1152 2025 1185 2086 in

198 2125 332 2192 Chou-
340 2126 438 2219 king
459 2127 526 2193 de
516 2130 613 2220 ipsius
628 2130 837 2210 rectitudine,
844 2129 940 2194 animi
929 2105 1185 2220 'magnitudine,
1226 2154 1229 2210 ,ᾗ

196 2231 359 2340 aequitate,
382 2231 570 2325 caeterisque
591 2233 722 2326 perlecti
744 2233 939 2324 imperatoris
961 2233 1098 2316 dotibus,
1123 2245 1185 2298 tam
1228 2259 1229 2270 ¹

135 2346 138 2365 '
196 2335 297 2402 multa
318 2349 349 2401 ot
371 2348 431 2402 tem
454 2361 543 2429 saepe
564 2339 690 2428 repetit,
723 2350 760 2404 ut
787 2337 926 2428 quisquis
948 2349 993 2402 est
1013 2337 1098 2402 naris
1119 2359 1184 2402 non

195 2441 326 2514 omnino
349 2442 457 2509 obesae
468 2443 569 2507 statim
579 2443 786 2524 sulmdoretur
801 2441 875 2532 quid
889 2442 926 2506 de
940 2453 1035 2522 recto,
1057 2465 1186 2532 magno,

197 2545 345 2642 quadrato
369 2569 424 2624 seu
445 2557 584 2637 aequato,
608 2546 801 2612 sentiendum
821 2543 944 2611 indicet.

283 2733 375 2799 Licet
396 2747 497 2800 autem
519 2733 685 2828 magnifica
712 2735 767 2802 ills
789 2737 930 2804 encomia
952 2735 1094 2828 principi
1116 2735 1184 2802 Ou-

197 2859 332 2926 ouang
353 2839 557 2922 conveniant,
588 2851 695 2934 utpote
717 2841 773 2934 qui
795 2841 962 2932 imperium
982 2840 1076 2906 semel
1098 2843 1187 2928 adep-

198 2953 248 3034 tus
269 2942 380 3032 optimi
401 2943 596 3034 imperatoris
617 2957 720 3036 partes
742 2945 935 3036 impleverit3
968 2934 1050 3036 quod
1080 2956 1184 3009 tamen

172 3068 307 3110 ·causae
338 3071 395 3136 per
424 3071 455 3112 sa
484 3049 605 3114 odiosae
634 3051 862 3142 suffragentur,
893 3050 1024 3141 ideoque
1050 3046 1140 3114 toties
1168 3074 1185 3112 a

76 3157 79 3168 '
118 3198 121 3210 ,
198 3147 486 3244 Tcheou-kong
507 3153 657 3220 inculcari
677 3155 857 3236 videantur,
887 3179 952 3220 non
974 3165 1081 3220 carent
1100 3164 1184 3218 carte

197 3253 328 3342 alicujus
350 3257 526 3324 ambitionis
548 3259 731 3350 suspicione.
776 3259 840 3325 Cui
868 3255 952 3324 anim
983 3257 1136 3339 heroum,
1169 3283 1186 3321 a

198 3357 311 3446 quibus
333 3362 438 3449 regiae
466 3361 600 3428 familiae
628 3363 771 3458 fundatae
800 3373 872 3429 sunt
893 3385 991 3428 norae
1015 3367 1092 3446 (ιδ)
1116 3362 1185 3428 sub·

196 3463 292 3528 vorsis
327 3466 472 3558 antiquis,
504 3467 643 3560 ingentia
673 3493 738 3561 non
771 3479 843 3534 sunt
871 3469 1028 3532 decantata
1056 3465 1186 3532 laudum

146 3578 149 3592 '
197 3569 362 3654 praeconia
389 3595 410 3636 a·
435 3569 512 3652 auis,
544 3573 657 3682 quibus
686 3553 815 3678 injustae
844 3571 1018 3638 dominatus
1045 3569 1184 3646 libidinis

197 3671 361 3754 mssculom,
384 3675 409 3740 si
432 3685 563 3764 possent,
586 3676 639 3742 a'ut
660 3659 821 3742 eluderent
841 3688 895 3740 aut
917 3673 1081 3740 elevarant
1112 3677 1185 3740 Essa

198 3776 369 3846 tolerabilia
399 3781 501 3852 taimen
528 3779 582 3846 illa
608 3779 698 3844 latori
727 3781 872 3848 debemus
894 3779 1013 3862 nimiis,
1045 3779 1111 3846 imo
1133 3780 1186 3846 im·
