<?xml version="1.0" encoding="UTF-8"?>
<!DOCTYPE html PUBLIC "-//W3C//DTD XHTML 1.0 Transitional//EN"
    "http://www.w3.org/TR/xhtml1/DTD/xhtml1-transitional.dtd">
<html xmlns="http://www.w3.org/1999/xhtml" xml:lang="en" lang="en">
 <head>
  <title>
</title>
<meta http-equiv="Content-Type" content="text/html;charset=utf-8" />
  <meta name='ocr-system' content='tesseract 3.04.00' />
  <meta name='ocr-capabilities' content='ocr_page ocr_carea ocr_par ocr_line ocrx_word'/>
</head>
<body>
  <div class='ocr_page' id='page_1' title='image "./ykingantiquissi00mohlgoog_0273.png"; bbox 0 0 2404 4288; ppageno 0'>
   <div class='ocr_carea' id='block_1_1' title="bbox 522 159 874 337">
    <p class='ocr_par' dir='ltr' id='par_1_1' title="bbox 522 159 874 337">
     <span class='ocr_line' id='line_1_1' title="bbox 522 159 874 337; baseline 0 -57"><span class='ocrx_word' id='word_1_1' title='bbox 522 246 564 266; x_wconf 88' lang='lat'>-··</span> <span class='ocrx_word' id='word_1_2' title='bbox 632 217 695 280; x_wconf 69' lang='lat'>252</span> <span class='ocrx_word' id='word_1_3' title='bbox 750 159 874 337; x_wconf 52' lang='grc' dir='ltr'>ιγ1</span> 
     </span>
    </p>
   </div>
   <div class='ocr_carea' id='block_1_2' title="bbox 167 345 1199 534">
    <p class='ocr_par' dir='ltr' id='par_1_2' title="bbox 167 345 1199 534">
     <span class='ocr_line' id='line_1_2' title="bbox 168 345 1199 442; baseline -0.005 -16"><span class='ocrx_word' id='word_1_4' title='bbox 168 387 217 426; x_wconf 78' lang='lat' dir='ltr'>raa</span> <span class='ocrx_word' id='word_1_5' title='bbox 235 372 393 442; x_wconf 76' lang='lat' dir='ltr'>annualium,</span> <span class='ocrx_word' id='word_1_6' title='bbox 414 367 482 432; x_wconf 80' lang='lat' dir='ltr'>huic</span> <span class='ocrx_word' id='word_1_7' title='bbox 499 359 697 441; x_wconf 67' lang='lat' dir='ltr'>respondemus</span> <span class='ocrx_word' id='word_1_8' title='bbox 715 376 824 422; x_wconf 73' lang='lat' dir='ltr'>nostro·</span> <span class='ocrx_word' id='word_1_9' title='bbox 840 366 915 438; x_wconf 84' lang='lat' dir='ltr'>apud</span> <span class='ocrx_word' id='word_1_10' title='bbox 927 365 1090 440; x_wconf 68' lang='lat' dir='ltr'>scriptore·</span> <span class='ocrx_word' id='word_1_11' title='bbox 1103 345 1199 422; x_wconf 66' lang='lat' dir='ltr'>nini?</span> 
     </span>
     <span class='ocr_line' id='line_1_3' title="bbox 167 455 954 534; baseline -0.01 -18"><span class='ocrx_word' id='word_1_12' title='bbox 167 457 208 516; x_wconf 90' lang='lat' dir='ltr'>lia</span> <span class='ocrx_word' id='word_1_13' title='bbox 224 460 358 533; x_wconf 80' lang='lat' dir='ltr'>reperiri,</span> <span class='ocrx_word' id='word_1_14' title='bbox 376 459 457 532; x_wconf 87' lang='lat' dir='ltr'>quala</span> <span class='ocrx_word' id='word_1_15' title='bbox 475 465 516 512; x_wconf 85' lang='lat' dir='ltr'>eat</span> <span class='ocrx_word' id='word_1_16' title='bbox 533 457 605 512; x_wconf 84' lang='lat' dir='ltr'>illud</span> <span class='ocrx_word' id='word_1_17' title='bbox 623 455 738 528; x_wconf 73' lang='lat' dir='ltr'>Virgilii</span> <span class='ocrx_word' id='word_1_18' title='bbox 756 455 875 534; x_wconf 71' lang='lat' dir='ltr'>(Qeorg.</span> <span class='ocrx_word' id='word_1_19' title='bbox 886 455 954 518; x_wconf 86' lang='lat' dir='ltr'>ll.):</span> 
     </span>
    </p>
   </div>
   <div class='ocr_carea' id='block_1_3' title="bbox 158 595 1025 848">
    <p class='ocr_par' dir='ltr' id='par_1_3' title="bbox 158 595 1025 848">
     <span class='ocr_line' id='line_1_4' title="bbox 239 595 1025 683; baseline -0.009 -28"><span class='ocrx_word' id='word_1_20' title='bbox 239 605 304 655; x_wconf 82' lang='lat' dir='ltr'>Tum</span> <span class='ocrx_word' id='word_1_21' title='bbox 321 611 391 670; x_wconf 80' lang='lat' dir='ltr'>pater</span> <span class='ocrx_word' id='word_1_22' title='bbox 408 601 563 683; x_wconf 80' lang='lat' dir='ltr'>omnipotena</span> <span class='ocrx_word' id='word_1_23' title='bbox 580 597 695 650; x_wconf 81' lang='lat' dir='ltr'>fecundia</span> <span class='ocrx_word' id='word_1_24' title='bbox 712 595 834 649; x_wconf 69' lang='lat' dir='ltr'>imbrfltua</span> <span class='ocrx_word' id='word_1_25' title='bbox 851 597 940 649; x_wconf 80' lang='lat' dir='ltr'>actller&#39;</span> <span class='ocrx_word' id='word_1_26' title='bbox 1021 609 1025 618; x_wconf 87' lang='lat'>&#39;</span> 
     </span>
     <span class='ocr_line' id='line_1_5' title="bbox 158 687 936 764; baseline -0.008 -20"><span class='ocrx_word' id='word_1_27' title='bbox 158 701 160 706; x_wconf 83' lang='grc'><strong>“</strong></span> <span class='ocrx_word' id='word_1_28' title='bbox 239 692 356 760; x_wconf 80' lang='lat' dir='ltr'>conjugia</span> <span class='ocrx_word' id='word_1_29' title='bbox 374 691 400 740; x_wconf 92' lang='lat' dir='ltr'>in</span> <span class='ocrx_word' id='word_1_30' title='bbox 418 690 538 764; x_wconf 74' lang='lat' dir='ltr'>gremium</span> <span class='ocrx_word' id='word_1_31' title='bbox 558 688 636 746; x_wconf 74' lang='lat' dir='ltr'>laetae</span> <span class='ocrx_word' id='word_1_32' title='bbox 655 687 791 749; x_wconf 69' lang='lat' dir='ltr'>descondit,</span> <span class='ocrx_word' id='word_1_33' title='bbox 808 695 835 738; x_wconf 84' lang='lat' dir='ltr'>at</span> <span class='ocrx_word' id='word_1_34' title='bbox 852 703 936 738; x_wconf 84' lang='lat' dir='ltr'>omnca</span> 
     </span>
     <span class='ocr_line' id='line_1_6' title="bbox 238 775 902 848; baseline -0.006 -19"><span class='ocrx_word' id='word_1_35' title='bbox 238 782 345 848; x_wconf 75' lang='lat' dir='ltr'>Magnua</span> <span class='ocrx_word' id='word_1_36' title='bbox 363 777 408 828; x_wconf 87' lang='lat' dir='ltr'>alit</span> <span class='ocrx_word' id='word_1_37' title='bbox 424 793 512 846; x_wconf 78' lang='lat' dir='ltr'>magno</span> <span class='ocrx_word' id='word_1_38' title='bbox 530 778 676 830; x_wconf 79' lang='lat' dir='ltr'>commialut</span> <span class='ocrx_word' id='word_1_39' title='bbox 693 791 796 842; x_wconf 81' lang='lat' dir='ltr'>corporo</span> <span class='ocrx_word' id='word_1_40' title='bbox 813 775 902 826; x_wconf 81' lang='lat' dir='ltr'>soclur.</span> 
     </span>
    </p>
   </div>
   <div class='ocr_carea' id='block_1_4' title="bbox 164 913 1188 1342">
    <p class='ocr_par' dir='ltr' id='par_1_4' title="bbox 164 913 1188 1342">
     <span class='ocr_line' id='line_1_7' title="bbox 238 913 1188 978; baseline -0.005 -5"><span class='ocrx_word' id='word_1_41' title='bbox 238 925 268 978; x_wconf 84' lang='lat'>2)</span> <span class='ocrx_word' id='word_1_42' title='bbox 287 915 328 969; x_wconf 78' lang='lat' dir='ltr'>ad</span> <span class='ocrx_word' id='word_1_43' title='bbox 351 913 536 970; x_wconf 83' lang='lat' dir='ltr'>imitationem</span> <span class='ocrx_word' id='word_1_44' title='bbox 560 925 678 970; x_wconf 87' lang='lat' dir='ltr'>naturae</span> <span class='ocrx_word' id='word_1_45' title='bbox 705 913 902 970; x_wconf 78' lang='lat' dir='ltr'>teneroa*illor</span> <span class='ocrx_word' id='word_1_46' title='bbox 921 913 1011 968; x_wconf 75' lang='lat' dir='ltr'>foetur</span> <span class='ocrx_word' id='word_1_47' title='bbox 1030 931 1087 970; x_wconf 82' lang='lat' dir='ltr'>auo</span> <span class='ocrx_word' id='word_1_48' title='bbox 1113 933 1188 970; x_wconf 87' lang='lat' dir='ltr'>com</span> 
     </span>
     <span class='ocr_line' id='line_1_8' title="bbox 167 1002 1185 1078; baseline 0 -20"><span class='ocrx_word' id='word_1_49' title='bbox 167 1003 251 1077; x_wconf 79' lang='lat' dir='ltr'>plenu</span> <span class='ocrx_word' id='word_1_50' title='bbox 271 1003 399 1076; x_wconf 80' lang='lat' dir='ltr'>foventia,</span> <span class='ocrx_word' id='word_1_51' title='bbox 425 1006 512 1058; x_wconf 88' lang='lat' dir='ltr'>multa</span> <span class='ocrx_word' id='word_1_52' title='bbox 530 1004 612 1058; x_wconf 82' lang='lat' dir='ltr'>ctiam</span> <span class='ocrx_word' id='word_1_53' title='bbox 630 1004 864 1078; x_wconf 67' lang='lat' dir='ltr'>philosophantur</span> <span class='ocrx_word' id='word_1_54' title='bbox 881 1003 916 1057; x_wconf 84' lang='lat' dir='ltr'>do</span> <span class='ocrx_word' id='word_1_55' title='bbox 933 1002 1093 1058; x_wconf 77' lang='lat' dir='ltr'>moralibua</span> <span class='ocrx_word' id='word_1_56' title='bbox 1119 1003 1185 1058; x_wconf 87' lang='lat' dir='ltr'>olli-</span> 
     </span>
     <span class='ocr_line' id='line_1_9' title="bbox 165 1090 1182 1166; baseline 0 -20"><span class='ocrx_word' id='word_1_57' title='bbox 165 1091 218 1146; x_wconf 82' lang='lat' dir='ltr'>ciis</span> <span class='ocrx_word' id='word_1_58' title='bbox 244 1093 454 1148; x_wconf 80' lang='lat' dir='ltr'>benevolentiae</span> <span class='ocrx_word' id='word_1_59' title='bbox 478 1091 636 1166; x_wconf 77' lang='lat' dir='ltr'>amorisque</span> <span class='ocrx_word' id='word_1_60' title='bbox 662 1101 720 1148; x_wconf 87' lang='lat' dir='ltr'>tum</span> <span class='ocrx_word' id='word_1_61' title='bbox 745 1090 907 1164; x_wconf 81' lang='lat' dir='ltr'>principum</span> <span class='ocrx_word' id='word_1_62' title='bbox 930 1108 1000 1164; x_wconf 80' lang='lat' dir='ltr'>arga</span> <span class='ocrx_word' id='word_1_63' title='bbox 1024 1093 1182 1146; x_wconf 71' lang='lat' dir='ltr'>subditos·</span> 
     </span>
     <span class='ocr_line' id='line_1_10' title="bbox 164 1179 1182 1256; baseline 0 -22"><span class='ocrx_word' id='word_1_64' title='bbox 164 1190 223 1234; x_wconf 92' lang='lat' dir='ltr'>tum</span> <span class='ocrx_word' id='word_1_65' title='bbox 241 1179 414 1236; x_wconf 85' lang='lat' dir='ltr'>aubditorum</span> <span class='ocrx_word' id='word_1_66' title='bbox 437 1191 505 1256; x_wconf 81' lang='lat' dir='ltr'>erga</span> <span class='ocrx_word' id='word_1_67' title='bbox 526 1180 667 1254; x_wconf 80' lang='lat' dir='ltr'>principer</span> <span class='ocrx_word' id='word_1_68' title='bbox 684 1179 866 1256; x_wconf 75' lang='lat' dir='ltr'>dominosque</span> <span class='ocrx_word' id='word_1_69' title='bbox 886 1197 960 1234; x_wconf 82' lang='lat' dir='ltr'>auos.</span> <span class='ocrx_word' id='word_1_70' title='bbox 997 1179 1182 1250; x_wconf 76' lang='lat' dir='ltr'>„Sululitua¹</span> 
     </span>
     <span class='ocr_line' id='line_1_11' title="bbox 164 1265 1180 1342; baseline -0.002 -18"><span class='ocrx_word' id='word_1_71' title='bbox 164 1268 205 1324; x_wconf 82' lang='lat' dir='ltr'>ait</span> <span class='ocrx_word' id='word_1_72' title='bbox 223 1269 322 1324; x_wconf 83' lang='lat' dir='ltr'>doctor</span> <span class='ocrx_word' id='word_1_73' title='bbox 336 1269 606 1342; x_wconf 50' lang='lat' dir='ltr'>Yang-ouanllh</span> <span class='ocrx_word' id='word_1_74' title='bbox 624 1267 706 1323; x_wconf 84' lang='lat' dir='ltr'>debet</span> <span class='ocrx_word' id='word_1_75' title='bbox 726 1266 834 1322; x_wconf 72' lang='lat' dir='ltr'>cervino</span> <span class='ocrx_word' id='word_1_76' title='bbox 850 1265 1008 1340; x_wconf 77' lang='lat' dir='ltr'>principem</span> <span class='ocrx_word' id='word_1_77' title='bbox 1027 1277 1180 1342; x_wconf 81' lang='lat' dir='ltr'>tanquam</span> 
     </span>
    </p>
   </div>
   <div class='ocr_carea' id='block_1_5' title="bbox 72 1355 1178 1430">
    <p class='ocr_par' dir='ltr' id='par_1_5' title="bbox 72 1355 1178 1430">
     <span class='ocr_line' id='line_1_12' title="bbox 72 1355 1178 1430; baseline 0 -18"><span class='ocrx_word' id='word_1_78' title='bbox 72 1371 80 1382; x_wconf 75' lang='lat'>¹</span> <span class='ocrx_word' id='word_1_79' title='bbox 165 1355 266 1412; x_wconf 60' lang='lat' dir='ltr'>filimi·</span> <span class='ocrx_word' id='word_1_80' title='bbox 302 1357 336 1412; x_wconf 88' lang='lat' dir='ltr'>Et</span> <span class='ocrx_word' id='word_1_81' title='bbox 361 1356 391 1411; x_wconf 90' lang='lat' dir='ltr'>iu</span> <span class='ocrx_word' id='word_1_82' title='bbox 413 1355 628 1430; x_wconf 75' lang='lat' dir='ltr'>chon-ling,</span> <span class='ocrx_word' id='word_1_83' title='bbox 656 1365 737 1429; x_wconf 85' lang='lat' dir='ltr'>parto</span> <span class='ocrx_word' id='word_1_84' title='bbox 764 1373 804 1427; x_wconf 82' lang='lat' dir='ltr'>ea,</span> <span class='ocrx_word' id='word_1_85' title='bbox 831 1369 903 1429; x_wconf 86' lang='lat' dir='ltr'>quaa</span> <span class='ocrx_word' id='word_1_86' title='bbox 930 1366 971 1409; x_wconf 84' lang='lat' dir='ltr'>eat</span> <span class='ocrx_word' id='word_1_87' title='bbox 994 1357 1030 1412; x_wconf 88' lang='lat' dir='ltr'>de</span> <span class='ocrx_word' id='word_1_88' title='bbox 1050 1357 1178 1425; x_wconf 81' lang='lat' dir='ltr'>Quen·</span> 
     </span>
    </p>
   </div>
   <div class='ocr_carea' id='block_1_6' title="bbox 105 1443 1201 3202">
    <p class='ocr_par' dir='ltr' id='par_1_6' title="bbox 120 1443 1201 2408">
     <span class='ocr_line' id='line_1_13' title="bbox 165 1443 1201 1522; baseline 0.005 -21"><span class='ocrx_word' id='word_1_89' title='bbox 165 1461 293 1519; x_wconf 70' lang='lat' dir='ltr'>«inaug,</span> <span class='ocrx_word' id='word_1_90' title='bbox 311 1443 491 1519; x_wconf 84' lang='lat' dir='ltr'>Ou·ouang</span> <span class='ocrx_word' id='word_1_91' title='bbox 509 1447 590 1518; x_wconf 70' lang='lat' dir='ltr'>hujuq</span> <span class='ocrx_word' id='word_1_92' title='bbox 609 1443 730 1500; x_wconf 83' lang='lat' dir='ltr'>familiae</span> <span class='ocrx_word' id='word_1_93' title='bbox 749 1445 891 1522; x_wconf 80' lang='lat' dir='ltr'>Tcheou</span> <span class='ocrx_word' id='word_1_94' title='bbox 911 1445 1125 1518; x_wconf 69' lang='lat' dir='ltr'>fundatoribus,</span> <span class='ocrx_word' id='word_1_95' title='bbox 1148 1455 1177 1501; x_wconf 79' lang='lat' dir='ltr'>rt</span> <span class='ocrx_word' id='word_1_96' title='bbox 1200 1503 1201 1506; x_wconf 74' lang='grc'>,</span> 
     </span>
     <span class='ocr_line' id='line_1_14' title="bbox 120 1523 1201 1608; baseline -0.001 -19"><span class='ocrx_word' id='word_1_97' title='bbox 120 1586 122 1594; x_wconf 90' lang='grc'>,</span> <span class='ocrx_word' id='word_1_98' title='bbox 165 1532 234 1590; x_wconf 86' lang='lat' dir='ltr'>libri</span> <span class='ocrx_word' id='word_1_99' title='bbox 252 1534 333 1602; x_wconf 70' lang='lat' dir='ltr'>liujus</span> <span class='ocrx_word' id='word_1_100' title='bbox 352 1535 507 1590; x_wconf 85' lang='lat' dir='ltr'>Tcheou·</span> <span class='ocrx_word' id='word_1_101' title='bbox 514 1553 534 1608; x_wconf 83' lang='lat' dir='ltr'>y</span> <span class='ocrx_word' id='word_1_102' title='bbox 551 1523 713 1588; x_wconf 67' lang='lat' dir='ltr'>auctoribua</span> <span class='ocrx_word' id='word_1_103' title='bbox 732 1533 849 1590; x_wconf 84' lang='lat' dir='ltr'>dicitur:</span> <span class='ocrx_word' id='word_1_104' title='bbox 869 1532 947 1600; x_wconf 80' lang='lat' dir='ltr'>„Rex</span> <span class='ocrx_word' id='word_1_105' title='bbox 963 1535 1058 1590; x_wconf 79' lang='lat' dir='ltr'>bonus</span> <span class='ocrx_word' id='word_1_106' title='bbox 1076 1553 1177 1608; x_wconf 86' lang='lat' dir='ltr'>popu·</span> <span class='ocrx_word' id='word_1_107' title='bbox 1200 1559 1201 1562; x_wconf 38' lang='lat'>¹</span> 
     </span>
     <span class='ocr_line' id='line_1_15' title="bbox 164 1598 1201 1694; baseline 0 -18"><span class='ocrx_word' id='word_1_108' title='bbox 164 1623 224 1680; x_wconf 87' lang='lat' dir='ltr'>lum</span> <span class='ocrx_word' id='word_1_109' title='bbox 241 1639 321 1678; x_wconf 79' lang='lat' dir='ltr'>suum</span> <span class='ocrx_word' id='word_1_110' title='bbox 339 1631 412 1676; x_wconf 84' lang='lat' dir='ltr'>amat</span> <span class='ocrx_word' id='word_1_111' title='bbox 430 1631 457 1678; x_wconf 88' lang='lat' dir='ltr'>et</span> <span class='ocrx_word' id='word_1_112' title='bbox 475 1621 670 1694; x_wconf 77' lang='lat' dir='ltr'>complectitur</span> <span class='ocrx_word' id='word_1_113' title='bbox 689 1621 761 1676; x_wconf 85' lang='lat' dir='ltr'>aiout</span> <span class='ocrx_word' id='word_1_114' title='bbox 778 1631 867 1678; x_wconf 84' lang='lat' dir='ltr'>mater</span> <span class='ocrx_word' id='word_1_115' title='bbox 883 1598 1073 1678; x_wconf 81' lang='lat' dir='ltr'>amantisaiane</span> <span class='ocrx_word' id='word_1_116' title='bbox 1084 1624 1174 1676; x_wconf 76' lang='lat' dir='ltr'>atriu</span> <span class='ocrx_word' id='word_1_117' title='bbox 1200 1673 1201 1684; x_wconf 67' lang='grc'>,</span> 
     </span>
     <span class='ocr_line' id='line_1_16' title="bbox 165 1709 1175 1788; baseline 0.002 -24"><span class='ocrx_word' id='word_1_118' title='bbox 165 1709 207 1788; x_wconf 77' lang='lat' dir='ltr'>git</span> <span class='ocrx_word' id='word_1_119' title='bbox 224 1709 328 1767; x_wconf 87' lang='lat' dir='ltr'>nudum</span> <span class='ocrx_word' id='word_1_120' title='bbox 347 1727 500 1785; x_wconf 71' lang='lat' dir='ltr'>recensque</span> <span class='ocrx_word' id='word_1_121' title='bbox 521 1719 615 1764; x_wconf 88' lang='lat' dir='ltr'>natum</span> <span class='ocrx_word' id='word_1_122' title='bbox 625 1709 771 1765; x_wconf 80' lang='lat' dir='ltr'>filiolum</span> <span class='ocrx_word' id='word_1_123' title='bbox 791 1709 897 1787; x_wconf 73' lang='lat' dir='ltr'>Quem</span> <span class='ocrx_word' id='word_1_124' title='bbox 888 1730 978 1784; x_wconf 82' lang='lat' dir='ltr'>rpaum</span> <span class='ocrx_word' id='word_1_125' title='bbox 988 1713 1083 1766; x_wconf 89' lang='lat' dir='ltr'>locum</span> <span class='ocrx_word' id='word_1_126' title='bbox 1095 1711 1175 1766; x_wconf 86' lang='lat' dir='ltr'>Gon·</span> 
     </span>
     <span class='ocr_line' id='line_1_17' title="bbox 165 1786 1171 1872; baseline 0.001 -20"><span class='ocrx_word' id='word_1_127' title='bbox 165 1797 234 1852; x_wconf 88' lang='lat' dir='ltr'>fucii</span> <span class='ocrx_word' id='word_1_128' title='bbox 253 1795 404 1871; x_wconf 77' lang='lat' dir='ltr'>discipulus</span> <span class='ocrx_word' id='word_1_129' title='bbox 424 1799 580 1872; x_wconf 86' lang='lat' dir='ltr'>Tcheng·</span> <span class='ocrx_word' id='word_1_130' title='bbox 585 1817 619 1852; x_wconf 82' lang='lat' dir='ltr'>ro</span> <span class='ocrx_word' id='word_1_131' title='bbox 638 1797 713 1868; x_wconf 84' lang='lat' dir='ltr'>citat,</span> <span class='ocrx_word' id='word_1_132' title='bbox 732 1797 766 1853; x_wconf 82' lang='lat' dir='ltr'>ad</span> <span class='ocrx_word' id='word_1_133' title='bbox 784 1799 997 1854; x_wconf 74' lang='lat' dir='ltr'>illustrationem</span> <span class='ocrx_word' id='word_1_134' title='bbox 1017 1786 1171 1855; x_wconf 78' lang='lat' dir='ltr'>doctririne</span> 
     </span>
     <span class='ocr_line' id='line_1_18' title="bbox 163 1885 1169 1962; baseline 0 -20"><span class='ocrx_word' id='word_1_135' title='bbox 163 1885 289 1959; x_wconf 76' lang='lat' dir='ltr'>magistri</span> <span class='ocrx_word' id='word_1_136' title='bbox 307 1887 349 1940; x_wconf 81' lang='lat' dir='ltr'>aui</span> <span class='ocrx_word' id='word_1_137' title='bbox 351 1887 497 1960; x_wconf 75' lang='lat' dir='ltr'>‚antiquio</span> <span class='ocrx_word' id='word_1_138' title='bbox 509 1887 718 1962; x_wconf 75' lang='lat' dir='ltr'>probatisque</span> <span class='ocrx_word' id='word_1_139' title='bbox 707 1905 782 1942; x_wconf 85' lang='lat' dir='ltr'>exem</span> <span class='ocrx_word' id='word_1_140' title='bbox 803 1886 837 1946; x_wconf 84' lang='lat' dir='ltr'>lia</span> <span class='ocrx_word' id='word_1_141' title='bbox 849 1896 988 1944; x_wconf 84' lang='lat' dir='ltr'>tantorum</span> <span class='ocrx_word' id='word_1_142' title='bbox 997 1889 1169 1962; x_wconf 72' lang='lat' dir='ltr'>principum</span> 
     </span>
     <span class='ocr_line' id='line_1_19' title="bbox 163 1907 1165 2054; baseline 0.001 -25"><span class='ocrx_word' id='word_1_143' title='bbox 163 1991 242 2030; x_wconf 67' lang='lat' dir='ltr'>corui</span> <span class='ocrx_word' id='word_1_144' title='bbox 237 1993 315 2054; x_wconf 86' lang='lat' dir='ltr'>nque</span> <span class='ocrx_word' id='word_1_145' title='bbox 325 1993 417 2030; x_wconf 75' lang='lat' dir='ltr'>uenatu</span> <span class='ocrx_word' id='word_1_146' title='bbox 436 1977 645 2037; x_wconf 72' lang='lat' dir='ltr'>consentientia</span> <span class='ocrx_word' id='word_1_147' title='bbox 678 1975 765 2050; x_wconf 75' lang='lat' dir='ltr'>Atque</span> <span class='ocrx_word' id='word_1_148' title='bbox 783 1907 852 2032; x_wconf 71' lang='lat' dir='ltr'>iiaao</span> <span class='ocrx_word' id='word_1_149' title='bbox 868 1975 979 2050; x_wconf 87' lang='lat' dir='ltr'>quidem</span> <span class='ocrx_word' id='word_1_150' title='bbox 998 1976 1075 2032; x_wconf 83' lang='lat' dir='ltr'>dicta</span> <span class='ocrx_word' id='word_1_151' title='bbox 1094 1988 1165 2030; x_wconf 80' lang='lat' dir='ltr'>aunt</span> 
     </span>
     <span class='ocr_line' id='line_1_20' title="bbox 125 2061 1166 2165; baseline 0.002 -49"><span class='ocrx_word' id='word_1_152' title='bbox 125 2065 144 2126; x_wconf 61' lang='grc'>’,</span> <span class='ocrx_word' id='word_1_153' title='bbox 161 2063 242 2133; x_wconf 72' lang='lat' dir='ltr'>liene</span> <span class='ocrx_word' id='word_1_154' title='bbox 261 2064 317 2134; x_wconf 79' lang='lat' dir='ltr'>aed,</span> <span class='ocrx_word' id='word_1_155' title='bbox 335 2061 527 2165; x_wconf 73' lang='lat' dir='ltr'>meoiudicio,</span> <span class='ocrx_word' id='word_1_156' title='bbox 553 2083 609 2120; x_wconf 90' lang='lat' dir='ltr'>uon</span> <span class='ocrx_word' id='word_1_157' title='bbox 627 2065 692 2120; x_wconf 82' lang='lat' dir='ltr'>ralia</span> <span class='ocrx_word' id='word_1_158' title='bbox 711 2066 746 2120; x_wconf 80' lang='lat' dir='ltr'>etl</span> <span class='ocrx_word' id='word_1_159' title='bbox 764 2081 872 2120; x_wconf 78' lang='lat' dir='ltr'>connum</span> <span class='ocrx_word' id='word_1_160' title='bbox 890 2064 973 2120; x_wconf 74' lang='lat' dir='ltr'>totius</span> <span class='ocrx_word' id='word_1_161' title='bbox 992 2066 1166 2122; x_wconf 74' lang='lat' dir='ltr'>tententiae.</span> 
     </span>
     <span class='ocr_line' id='line_1_21' title="bbox 130 2135 1166 2224; baseline -0.002 -16"><span class='ocrx_word' id='word_1_162' title='bbox 130 2158 133 2167; x_wconf 89' lang='grc'><strong>“</strong></span> <span class='ocrx_word' id='word_1_163' title='bbox 162 2135 278 2224; x_wconf 80' lang='lat' dir='ltr'>Captata</span> <span class='ocrx_word' id='word_1_164' title='bbox 303 2162 394 2208; x_wconf 81' lang='lat' dir='ltr'>autom</span> <span class='ocrx_word' id='word_1_165' title='bbox 418 2152 564 2208; x_wconf 72' lang='lat' dir='ltr'>occasione</span> <span class='ocrx_word' id='word_1_166' title='bbox 587 2173 620 2208; x_wconf 86' lang='lat' dir='ltr'>ex</span> <span class='ocrx_word' id='word_1_167' title='bbox 642 2169 710 2208; x_wconf 81' lang='lat' dir='ltr'>roco</span> <span class='ocrx_word' id='word_1_168' title='bbox 736 2151 786 2208; x_wconf 89' lang='lat' dir='ltr'>lilii</span> <span class='ocrx_word' id='word_1_169' title='bbox 810 2169 960 2208; x_wconf 81' lang='lat' dir='ltr'>excurrere</span> <span class='ocrx_word' id='word_1_170' title='bbox 981 2153 1029 2206; x_wconf 91' lang='lat' dir='ltr'>in</span> <span class='ocrx_word' id='word_1_171' title='bbox 1040 2153 1166 2208; x_wconf 83' lang='lat' dir='ltr'>moralia</span> 
     </span>
     <span class='ocr_line' id='line_1_22' title="bbox 163 2239 1167 2344; baseline -0.002 -46"><span class='ocrx_word' id='word_1_172' title='bbox 163 2239 234 2298; x_wconf 87' lang='lat' dir='ltr'>nihil</span> <span class='ocrx_word' id='word_1_173' title='bbox 253 2241 399 2311; x_wconf 71' lang='lat' dir='ltr'>elindeo,</span> <span class='ocrx_word' id='word_1_174' title='bbox 428 2259 510 2344; x_wconf 63' lang='lat' dir='ltr'>quarn</span> <span class='ocrx_word' id='word_1_175' title='bbox 534 2243 661 2316; x_wconf 81' lang='lat' dir='ltr'>neglecto</span> <span class='ocrx_word' id='word_1_176' title='bbox 679 2247 761 2296; x_wconf 80' lang='lat' dir='ltr'>sensu</span> <span class='ocrx_word' id='word_1_177' title='bbox 780 2249 838 2296; x_wconf 91' lang='lat' dir='ltr'>tum</span> <span class='ocrx_word' id='word_1_178' title='bbox 856 2251 943 2296; x_wconf 75' lang='lat' dir='ltr'>textus</span> <span class='ocrx_word' id='word_1_179' title='bbox 961 2251 1020 2339; x_wconf 83' lang='lat' dir='ltr'>tum</span> <span class='ocrx_word' id='word_1_180' title='bbox 1037 2242 1167 2298; x_wconf 78' lang='lat' dir='ltr'>auctor-ia</span> 
     </span>
     <span class='ocr_line' id='line_1_23' title="bbox 162 2321 809 2408; baseline 0.005 -25"><span class='ocrx_word' id='word_1_181' title='bbox 162 2346 213 2388; x_wconf 75' lang='lat' dir='ltr'>aua</span> <span class='ocrx_word' id='word_1_182' title='bbox 229 2339 380 2408; x_wconf 81' lang='lat' dir='ltr'>praccepta</span> <span class='ocrx_word' id='word_1_183' title='bbox 399 2321 540 2406; x_wconf 76' lang='lat' dir='ltr'>animique</span> <span class='ocrx_word' id='word_1_184' title='bbox 559 2347 637 2385; x_wconf 76' lang='lat' dir='ltr'>aenio</span> <span class='ocrx_word' id='word_1_185' title='bbox 656 2331 809 2386; x_wconf 84' lang='lat' dir='ltr'>vcnditaro.</span> 
     </span>
    </p>

    <p class='ocr_par' dir='ltr' id='par_1_7' title="bbox 105 2417 1165 3202">
     <span class='ocr_line' id='line_1_24' title="bbox 235 2417 1165 2494; baseline 0.004 -24.066"><span class='ocrx_word' id='word_1_186' title='bbox 235 2419 265 2483; x_wconf 81' lang='lat'>5)</span> <span class='ocrx_word' id='word_1_187' title='bbox 288 2417 383 2492; x_wconf 76' lang='lat' dir='ltr'>Aptius</span> <span class='ocrx_word' id='word_1_188' title='bbox 406 2419 440 2474; x_wconf 80' lang='lat' dir='ltr'>od</span> <span class='ocrx_word' id='word_1_189' title='bbox 463 2437 522 2474; x_wconf 82' lang='lat' dir='ltr'>rem</span> <span class='ocrx_word' id='word_1_190' title='bbox 541 2419 583 2474; x_wconf 86' lang='lat' dir='ltr'>itti</span> <span class='ocrx_word' id='word_1_191' title='bbox 602 2417 834 2492; x_wconf 81' lang='lat' dir='ltr'>interpretantur,</span> <span class='ocrx_word' id='word_1_192' title='bbox 855 2435 1019 2494; x_wconf 77' lang='lat' dir='ltr'>tensumque</span> <span class='ocrx_word' id='word_1_193' title='bbox 1037 2421 1165 2486; x_wconf 80' lang='lat' dir='ltr'>auctorit</span> 
     </span>
     <span class='ocr_line' id='line_1_25' title="bbox 162 2506 1162 2582; baseline 0 -20"><span class='ocrx_word' id='word_1_194' title='bbox 162 2506 414 2581; x_wconf 71' lang='lat' dir='ltr'>&#39;scheon-long</span> <span class='ocrx_word' id='word_1_195' title='bbox 438 2507 587 2580; x_wconf 87' lang='lat' dir='ltr'>politicum</span> <span class='ocrx_word' id='word_1_196' title='bbox 608 2507 746 2582; x_wconf 82' lang='lat' dir='ltr'>attingere</span> <span class='ocrx_word' id='word_1_197' title='bbox 773 2507 930 2580; x_wconf 79' lang='lat' dir='ltr'>ridentur,</span> <span class='ocrx_word' id='word_1_198' title='bbox 948 2509 998 2582; x_wconf 88' lang='lat' dir='ltr'>qui</span> <span class='ocrx_word' id='word_1_199' title='bbox 1021 2519 1104 2580; x_wconf 76' lang='lat' dir='ltr'>alunt</span> <span class='ocrx_word' id='word_1_200' title='bbox 1128 2527 1162 2564; x_wconf 84' lang='lat' dir='ltr'>ax</span> 
     </span>
     <span class='ocr_line' id='line_1_26' title="bbox 105 2593 1160 2672; baseline 0 -20"><span class='ocrx_word' id='word_1_201' title='bbox 105 2653 108 2660; x_wconf 78' lang='grc'><em>,</em></span> <span class='ocrx_word' id='word_1_202' title='bbox 161 2595 326 2652; x_wconf 77' lang='lat' dir='ltr'>educatione</span> <span class='ocrx_word' id='word_1_203' title='bbox 344 2594 392 2650; x_wconf 80' lang='lat' dir='ltr'>filii</span> <span class='ocrx_word' id='word_1_204' title='bbox 413 2593 489 2668; x_wconf 84' lang='lat' dir='ltr'>regii</span> <span class='ocrx_word' id='word_1_205' title='bbox 508 2613 566 2650; x_wconf 91' lang='lat' dir='ltr'>non</span> <span class='ocrx_word' id='word_1_206' title='bbox 585 2593 707 2650; x_wconf 76' lang='lat' dir='ltr'>minoren</span> <span class='ocrx_word' id='word_1_207' title='bbox 725 2615 787 2670; x_wconf 80' lang='lat' dir='ltr'>apae</span> <span class='ocrx_word' id='word_1_208' title='bbox 805 2597 922 2652; x_wconf 83' lang='lat' dir='ltr'>excitari</span> <span class='ocrx_word' id='word_1_209' title='bbox 943 2600 1051 2669; x_wconf 84' lang='lat' dir='ltr'>populo</span> <span class='ocrx_word' id='word_1_210' title='bbox 1072 2615 1160 2672; x_wconf 89' lang='lat' dir='ltr'>quam</span> 
     </span>
     <span class='ocr_line' id='line_1_27' title="bbox 162 2675 1165 2758; baseline -0.002 -17"><span class='ocrx_word' id='word_1_211' title='bbox 162 2683 294 2756; x_wconf 78' lang='lat' dir='ltr'>agricolis</span> <span class='ocrx_word' id='word_1_212' title='bbox 314 2701 348 2738; x_wconf 85' lang='lat' dir='ltr'>ex</span> <span class='ocrx_word' id='word_1_213' title='bbox 363 2683 461 2756; x_wconf 79' lang='lat' dir='ltr'>primia</span> <span class='ocrx_word' id='word_1_214' title='bbox 480 2683 599 2739; x_wconf 85' lang='lat' dir='ltr'>loetibua</span> <span class='ocrx_word' id='word_1_215' title='bbox 617 2693 665 2738; x_wconf 92' lang='lat' dir='ltr'>aut</span> <span class='ocrx_word' id='word_1_216' title='bbox 683 2702 780 2739; x_wconf 89' lang='lat' dir='ltr'>corum</span> <span class='ocrx_word' id='word_1_217' title='bbox 798 2675 946 2741; x_wconf 60' lang='lat' dir='ltr'>inlinunt</span> <span class='ocrx_word' id='word_1_218' title='bbox 961 2687 1082 2758; x_wconf 82' lang='lat' dir='ltr'>populus</span> <span class='ocrx_word' id='word_1_219' title='bbox 1096 2687 1165 2742; x_wconf 82' lang='lat' dir='ltr'>felix</span> 
     </span>
     <span class='ocr_line' id='line_1_28' title="bbox 161 2770 1160 2848; baseline 0.004 -22"><span class='ocrx_word' id='word_1_220' title='bbox 161 2781 211 2841; x_wconf 84' lang='lat' dir='ltr'>eat,</span> <span class='ocrx_word' id='word_1_221' title='bbox 234 2783 267 2828; x_wconf 90' lang='lat' dir='ltr'>ut</span> <span class='ocrx_word' id='word_1_222' title='bbox 290 2771 342 2826; x_wconf 86' lang='lat' dir='ltr'>luit</span> <span class='ocrx_word' id='word_1_223' title='bbox 370 2770 499 2846; x_wconf 88' lang='lat' dir='ltr'>principa</span> <span class='ocrx_word' id='word_1_224' title='bbox 524 2771 709 2848; x_wconf 69' lang='lat' dir='ltr'>ssu-ouang</span> <span class='ocrx_word' id='word_1_225' title='bbox 730 2773 880 2847; x_wconf 87' lang='lat' dir='ltr'>imparium</span> <span class='ocrx_word' id='word_1_226' title='bbox 899 2785 1076 2847; x_wconf 68' lang='lat' dir='ltr'>capuceum,</span> <span class='ocrx_word' id='word_1_227' title='bbox 1109 2793 1160 2830; x_wconf 82' lang='lat' dir='ltr'>auu</span> 
     </span>
     <span class='ocr_line' id='line_1_29' title="bbox 162 2852 1161 2938; baseline 0.002 -22"><span class='ocrx_word' id='word_1_228' title='bbox 162 2859 216 2916; x_wconf 86' lang='lat' dir='ltr'>eibi</span> <span class='ocrx_word' id='word_1_229' title='bbox 235 2861 422 2918; x_wconf 82' lang='lat' dir='ltr'>continuanda</span> <span class='ocrx_word' id='word_1_230' title='bbox 441 2852 542 2932; x_wconf 75' lang='lat' dir='ltr'>gaudia</span> <span class='ocrx_word' id='word_1_231' title='bbox 560 2860 720 2934; x_wconf 82' lang='lat' dir='ltr'>pollicetar,</span> <span class='ocrx_word' id='word_1_232' title='bbox 739 2873 821 2938; x_wconf 86' lang='lat' dir='ltr'>atquo</span> <span class='ocrx_word' id='word_1_233' title='bbox 839 2864 909 2918; x_wconf 85' lang='lat' dir='ltr'>adeo</span> <span class='ocrx_word' id='word_1_234' title='bbox 924 2863 954 2918; x_wconf 90' lang='lat' dir='ltr'>iu</span> <span class='ocrx_word' id='word_1_235' title='bbox 965 2863 1023 2920; x_wconf 87' lang='lat' dir='ltr'>diea</span> <span class='ocrx_word' id='word_1_236' title='bbox 1034 2863 1161 2918; x_wconf 80' lang='lat' dir='ltr'>familiae</span> 
     </span>
     <span class='ocr_line' id='line_1_30' title="bbox 162 2947 1160 3022; baseline -0.002 -14"><span class='ocrx_word' id='word_1_237' title='bbox 162 2949 259 3022; x_wconf 78' lang='lat' dir='ltr'>rogiae</span> <span class='ocrx_word' id='word_1_238' title='bbox 278 2948 418 3004; x_wconf 85' lang='lat' dir='ltr'>addictior</span> <span class='ocrx_word' id='word_1_239' title='bbox 437 2947 480 3006; x_wconf 81' lang='lat' dir='ltr'>sit.</span> <span class='ocrx_word' id='word_1_240' title='bbox 517 2948 547 3004; x_wconf 91' lang='lat' dir='ltr'>Si</span> <span class='ocrx_word' id='word_1_241' title='bbox 564 2952 683 3022; x_wconf 82' lang='lat' dir='ltr'>populua</span> <span class='ocrx_word' id='word_1_242' title='bbox 703 2952 739 3008; x_wconf 83' lang='lat' dir='ltr'>ait</span> <span class='ocrx_word' id='word_1_243' title='bbox 755 2951 848 3022; x_wconf 80' lang='lat' dir='ltr'>mirer,</span> <span class='ocrx_word' id='word_1_244' title='bbox 873 2951 945 3006; x_wconf 84' lang='lat' dir='ltr'>ricut</span> <span class='ocrx_word' id='word_1_245' title='bbox 965 2951 1089 3008; x_wconf 72' lang='lat' dir='ltr'>tuition</span> <span class='ocrx_word' id='word_1_246' title='bbox 1108 2954 1160 3008; x_wconf 86' lang='lat' dir='ltr'>im·</span> 
     </span>
     <span class='ocr_line' id='line_1_31' title="bbox 161 3036 1158 3113; baseline 0.003 -20"><span class='ocrx_word' id='word_1_247' title='bbox 161 3047 293 3112; x_wconf 84' lang='lat' dir='ltr'>peratore</span> <span class='ocrx_word' id='word_1_248' title='bbox 312 3036 460 3106; x_wconf 75' lang='lat' dir='ltr'>Teneor,</span> <span class='ocrx_word' id='word_1_249' title='bbox 487 3056 535 3110; x_wconf 87' lang='lat' dir='ltr'>apo</span> <span class='ocrx_word' id='word_1_250' title='bbox 556 3039 702 3097; x_wconf 81' lang='lat' dir='ltr'>meliorum</span> <span class='ocrx_word' id='word_1_251' title='bbox 723 3049 879 3112; x_wconf 84' lang='lat' dir='ltr'>temporum</span> <span class='ocrx_word' id='word_1_252' title='bbox 901 3047 997 3113; x_wconf 84' lang='lat' dir='ltr'>(quam</span> <span class='ocrx_word' id='word_1_253' title='bbox 1015 3049 1094 3094; x_wconf 83' lang='lat' dir='ltr'>recta</span> <span class='ocrx_word' id='word_1_254' title='bbox 1115 3042 1158 3096; x_wconf 88' lang='lat' dir='ltr'>in·</span> 
     </span>
     <span class='ocr_line' id='line_1_32' title="bbox 161 3117 1160 3202; baseline 0.006 -24"><span class='ocrx_word' id='word_1_255' title='bbox 161 3125 269 3183; x_wconf 66' lang='lat' dir='ltr'>stitutio</span> <span class='ocrx_word' id='word_1_256' title='bbox 296 3125 463 3180; x_wconf 79' lang='lat' dir='ltr'>aucceaaoria</span> <span class='ocrx_word' id='word_1_257' title='bbox 488 3135 619 3190; x_wconf 75' lang='lat' dir='ltr'>ostentat)</span> <span class='ocrx_word' id='word_1_258' title='bbox 648 3125 678 3184; x_wconf 88' lang='lat' dir='ltr'>in</span> <span class='ocrx_word' id='word_1_259' title='bbox 701 3129 835 3202; x_wconf 75' lang='lat' dir='ltr'>obsequio</span> <span class='ocrx_word' id='word_1_260' title='bbox 855 3125 965 3184; x_wconf 72' lang='lat' dir='ltr'>facilius</span> <span class='ocrx_word' id='word_1_261' title='bbox 984 3117 1160 3184; x_wconf 66' lang='lat' dir='ltr'>continetur.</span> 
     </span>
    </p>
   </div>
   <div class='ocr_carea' id='block_1_7' title="bbox 111 3211 1163 3560">
    <p class='ocr_par' dir='ltr' id='par_1_8' title="bbox 111 3211 1163 3560">
     <span class='ocr_line' id='line_1_33' title="bbox 111 3211 1161 3290; baseline 0.007 -24"><span class='ocrx_word' id='word_1_262' title='bbox 111 3256 115 3266; x_wconf 88' lang='grc'><em>,</em></span> <span class='ocrx_word' id='word_1_263' title='bbox 160 3213 238 3290; x_wconf 76' lang='lat' dir='ltr'>Quae</span> <span class='ocrx_word' id='word_1_264' title='bbox 254 3211 396 3268; x_wconf 85' lang='lat' dir='ltr'>annotatio</span> <span class='ocrx_word' id='word_1_265' title='bbox 414 3213 529 3269; x_wconf 89' lang='lat' dir='ltr'>omnino</span> <span class='ocrx_word' id='word_1_266' title='bbox 554 3217 685 3272; x_wconf 80' lang='lat' dir='ltr'>convenit</span> <span class='ocrx_word' id='word_1_267' title='bbox 706 3217 789 3274; x_wconf 87' lang='lat' dir='ltr'>atatui</span> <span class='ocrx_word' id='word_1_268' title='bbox 809 3231 905 3274; x_wconf 82' lang='lat' dir='ltr'>rorum</span> <span class='ocrx_word' id='word_1_269' title='bbox 923 3217 997 3273; x_wconf 84' lang='lat' dir='ltr'>illino</span> <span class='ocrx_word' id='word_1_270' title='bbox 1014 3217 1161 3290; x_wconf 75' lang='lat' dir='ltr'>temporie,</span> 
     </span>
     <span class='ocr_line' id='line_1_34' title="bbox 157 3301 1163 3380; baseline 0.006 -25"><span class='ocrx_word' id='word_1_271' title='bbox 157 3319 213 3374; x_wconf 79' lang='lat' dir='ltr'>quo</span> <span class='ocrx_word' id='word_1_272' title='bbox 238 3301 270 3356; x_wconf 85' lang='lat' dir='ltr'>id</span> <span class='ocrx_word' id='word_1_273' title='bbox 292 3319 379 3356; x_wconf 89' lang='lat' dir='ltr'>unum</span> <span class='ocrx_word' id='word_1_274' title='bbox 401 3319 418 3356; x_wconf 88' lang='lat' dir='ltr'>a</span> <span class='ocrx_word' id='word_1_275' title='bbox 443 3303 649 3376; x_wconf 71' lang='lat' dir='ltr'>sapientissimis</span> <span class='ocrx_word' id='word_1_276' title='bbox 672 3307 810 3380; x_wconf 83' lang='lat' dir='ltr'>agendum</span> <span class='ocrx_word' id='word_1_277' title='bbox 828 3317 895 3376; x_wconf 77' lang='lat' dir='ltr'>erat,</span> <span class='ocrx_word' id='word_1_278' title='bbox 912 3316 944 3359; x_wconf 91' lang='lat' dir='ltr'>ut</span> <span class='ocrx_word' id='word_1_279' title='bbox 961 3305 1084 3378; x_wconf 86' lang='lat' dir='ltr'>aliqua</span> <span class='ocrx_word' id='word_1_280' title='bbox 1075 3307 1163 3360; x_wconf 81' lang='lat' dir='ltr'>inire</span> 
     </span>
     <span class='ocr_line' id='line_1_35' title="bbox 160 3389 1162 3482; baseline 0.006 -35"><span class='ocrx_word' id='word_1_281' title='bbox 160 3399 219 3448; x_wconf 87' lang='lat' dir='ltr'>tlur</span> <span class='ocrx_word' id='word_1_282' title='bbox 236 3389 309 3446; x_wconf 85' lang='lat' dir='ltr'>ratio</span> <span class='ocrx_word' id='word_1_283' title='bbox 326 3391 422 3464; x_wconf 88' lang='lat' dir='ltr'>populi</span> <span class='ocrx_word' id='word_1_284' title='bbox 441 3393 595 3468; x_wconf 75' lang='lat' dir='ltr'>mitigandi,</span> <span class='ocrx_word' id='word_1_285' title='bbox 612 3405 713 3482; x_wconf 85' lang='lat' dir='ltr'>atquc</span> <span class='ocrx_word' id='word_1_286' title='bbox 713 3395 820 3452; x_wconf 82' lang='lat' dir='ltr'>iutcrea</span> <span class='ocrx_word' id='word_1_287' title='bbox 838 3396 873 3454; x_wconf 83' lang='lat' dir='ltr'>uh</span> <span class='ocrx_word' id='word_1_288' title='bbox 891 3405 987 3468; x_wconf 81' lang='lat' dir='ltr'>aperta</span> <span class='ocrx_word' id='word_1_289' title='bbox 1004 3397 1162 3452; x_wconf 74' lang='lat' dir='ltr'>rebellione</span> 
     </span>
     <span class='ocr_line' id='line_1_36' title="bbox 159 3480 1025 3560; baseline 0.015 -24"><span class='ocrx_word' id='word_1_290' title='bbox 159 3480 324 3560; x_wconf 75' lang='lat' dir='ltr'>tumultuque</span> <span class='ocrx_word' id='word_1_291' title='bbox 341 3499 360 3554; x_wconf 90' lang='lat' dir='ltr'>p</span> <span class='ocrx_word' id='word_1_292' title='bbox 377 3481 547 3542; x_wconf 81' lang='lat' dir='ltr'>noltibcndi.</span> <span class='ocrx_word' id='word_1_293' title='bbox 1022 3505 1025 3512; x_wconf 93' lang='grc'><strong>’</strong></span> 
     </span>
    </p>
   </div>
   <div class='ocr_carea' id='block_1_8' title="bbox 560 3703 768 3718">
    <p class='ocr_par' dir='ltr' id='par_1_9' title="bbox 560 3703 768 3718">
     <span class='ocr_line' id='line_1_37' title="bbox 560 3703 768 3718; baseline -0.014 0"><span class='ocrx_word' id='word_1_294' title='bbox 560 3703 768 3718; x_wconf 59' lang='lat' dir='ltr'>m</span> 
     </span>
    </p>
   </div>
   <div class='ocr_carea' id='block_1_9' title="bbox 0 0 1206 4288">
    <p class='ocr_par' dir='ltr' id='par_1_10' title="bbox 0 0 1206 4288">
     <span class='ocr_line' id='line_1_38' title="bbox 0 0 1206 4288; baseline 0 2"><span class='ocrx_word' id='word_1_295' title='bbox 0 0 1206 4288; x_wconf 95' lang='lat' dir='ltr'> </span> 
     </span>
    </p>
   </div>
  </div>
 </body>
</html>
