2546 4274
493 151 839 220 Ι-ιιιω-

150 299 279 418 ‚uerbis
301 287 396 381 saeris
406 348 417 384 ,
441 323 518 391 quae
539 299 575 365 in
593 300 686 376 misse
708 300 809 391 prime
822 313 943 372 centua
958 301 1092 372 inerunt
1109 305 1174 372 sub
1251 357 1252 372 ι

60 405 61 410 ’
101 411 103 416 ’
178 381 292 473 horam
311 428 383 470 suae
401 397 678 470 contiaAlaricum
693 406 904 494 profectionis.
936 409 971 472 ln
993 407 1044 476 hie
1072 408 1173 499 siqui-

178 509 247 576 d'em
263 509 474 598 similibusque
487 531 646 576 sacrorum
661 521 823 578 nudorum
831 491 1114 581 smmsdieenduae
1123 515 1190 580 est'

56 635 61 644 ’
177 637 243 680 non
254 615 367 680 mutari
383 611 433 680 sed
448 613 486 678 sd
500 637 548 678 res
557 626 730 704 praesentes
739 597 979 700 accommodari,
993 642 1058 684 non
1074 617 1176 685 salsos

177 717 286 806 heberi
321 717 372 783 sed
407 717 572 802 emissores.
611 720 696 800 Quae
724 721 839 796 duo'
816 743 842 786 ss
870 721 1081 804 distinxissent
1112 721 1173 810 qui

179 833 286 888 contre
315 822 403 887 Sinas
435 845 471 888 ea
501 810 626 888 sumunt
644 825 693 887 -od
721 819 1037 908 concludendom‚'
1027 849 1171 916 quorum

177 925 259 992 nihil
280 926 317 990 iis
340 925 534 1006 conceditur,
558 951 719 1020 nunquam
747 927 796 995 usi
819 940 919 996 essent
937 929 1084 1019 exemplo
1107 929 1170 994 cir·

147 1029 353 1122 -culatorum
385 1030 506 1121 aliquot
537 1029 682 1118 Sinerem
709 1031 797 1100 dictis
832 1032 1013 1129 principum
1043 1032 1171 1100 Ouen-

178 1134 668 1228 ouangetTcheou-ltong,
687 1149 1172 1227 querum'mentemeenereotur

178 1240 216 1304 ad
238 1239 441 1311 eminandum
464 1239 564 1306 solum
585 1241 788 1308 abutentium.
888 1250 892 1267 ¹

158 1418 159 1430 χ
266 1341 325 1409 Sed
345 1355 381 1410 ut
408 1346 513 1412 redeet
543 1346 606 1434 jem
638 1347 721 1415 unde
749 1345 904 1416 aberravit
924 1347 1032 1414 oratio.
1077 1349 1166 1416 luter

93 1445 97 1453 ’
177 1435 392 1540 praegnostice
414 1449 539 1518 secundi
561 1451 683 1540 generis
701 1461 779 1518 vsunt
801 1475 879 1540 quse
900 1452 934 1518 in
951 1429 1041 1518 libris
1055 1453 1170 1518 Sinicis

178 1567 395 1650 recensentur,
418 1556 529 1645 ingens
552 1555 710 1638 sterilitas,
744 1553 860 1636 lones,
881 1555 1041 1622 eluviones
1061 1557 1169 1624 insoli

179 1669 289 1750 tueque
310 1660 342 1728 id
362 1683 463 1751 genus
478 1658 619 1726 miserius
634 1683 714 1751 quae
727 1660 855 1749 pariunt
868 1659 966 1751 uulgo
980 1661 1170 1728 rebelliones

180 1776 210 1830 et
232 1785 320 1855 seepe
342 1763 465 1854 imperii
486 1732 698 1846 mutationem,
720 1775 757 1829 ut
769 1763 869 1854 liquet
890 1787 928 1828 ex
949 1767 1053 1855 gentis
1076 1791 1169 1832 aona·

179 1866 270 1938 libus.
314 1869 397 1932 llaec
435 1867 653 1958 praegnostica
689 1891 753 1935 non
792 1872 1015 1936 contemnenda
1055 1871 1169 1939 docent

181 1973 451 2062 Ouen-oonng
473 1985 502 2038 et
523 1973 838 2064 cheou·knng‚
861 1997 933 2038 suos
955 1985 1032 2042 terno
1052 1987 1167 2066 tempo-

179 2076 222 2140 ris
246 2074 444 2140 exhortantes
472 2078 509 2141 ed
541 2073 715 2142 contionem
738 2077 937 2143 intentiorem
958 2079 1166 2172 pigilsntism-

181 2203 257 2269 que,
280 2191 319 2253 ⁴et
340 2182 378 2246 ud
400 2182 549 2270 pejorem
577 2205 652 2272 erga
684 2181 811 2250 afflictos
834 2183 971 2272 populos
993 2181 1167 2273 benignite-

180 2295 267 2350 Ιειιι.1
282 2283 346 2350 lino
374 2284 450 2354 hooc
477 2277 651 2353 infortunio
679 2285 765 2354 velut
801 2285 997 2378 Chang·ti
1030 2287 1169 2378 supremi

180 2387 377 2479 imperatoris
399 2392 517 2456 monito
539 2393 575 2458 nd
591 2391 834 2458 emendationem
851 2392 1030 2482 accipienda
1045 2393 1169 2471 docent,

180 2493 376 2597 inculcatque
399 2497 592 2586 principibus
624 2519 741 2586 suoque
762 2495 866 2560 “fratri
893 2496 961 2586 ipse
989 2495 1169 2562 Tcheou·

129 2677 133 2691 ι
181 2597 313 2691 kong
305 2625 338 2663 m
360 2599 537 2674 authentico
560 2601 642 2666 tibro
666 2599 794 2666 Chou
784 2599 903 2691 king
930 2602 1084 2668 adducens
1107 2599 1171 2666 luc·

180 2715 305 2770 tuosum
327 2704 505 2792 exemplum
525 2703 628 2770 ultimi
656 2703 762 2793 regiae
789 2703 930 2772 familiea
946 2703 1048 2770 Ηίι
1039 2725 1170 2796 uspers-

181 2809 274 2888 toris,
296 2809 421 2872 nomine
443 2809 525 2874 ltie.
569 2809 708 2892 „Audivi
734 2807 911 2899 priscorum
933 2811 1059 2876 effetum
1088 2809 1172 2899 qarod

180 2913 224 2978 sic
245 2911 371 2979 hebet:
383 2937 545 3004 supremus
573 2913 652 2978 coeli
679 2915 850 3003 imperetur
877 2916 953 2980 dum
980 2915 1094 3004 dirigit
1115 2913 1173 2978 lao-

179 3018 278 3083 mines
292 3015 419 3106 *placide
440 3028 471 3084 et
492 3017 617 3107 quiete,·
634 3043 699 3084 non
717 3018 793 3086 facit
810 3017 870 3084 hoc
883 3043 941 3108 per
959 3018 1174 3107 receptionem

180 3122 309 3210 alicujus
332 3145 503 3212 corporeae
525 3123 626 3204 vocis,
656 3124 707 3188 sed
733 3145 789 3188 cor
810 3123 923 3213 recipit
943 3123 1083 3213 ςιιίιιμιιι
1104 3120 1175 3186 ille-

156 3225 252 3292 'rum
270 3223 481 3318 placidamque
503 3227 703 3292 directionem
726 3228 863 3318 adeoque
885 3227 1041 3294 ferventer
1063 3226 1175 3292 etsioe

179 3331 347 3400 directione
370 3345 527 3424 operatur.
571 3335 675 3421 Atque
704 3331 779 3400 lesen
807 3331 947 3422 supremi
970 3329 1050 3398 coeli
1072 3331 1176 3420 irnpe-

179 3436 291 3503 rstoris
313 3437 442 3504 directio
465 3461 538 3504 curu
568 3437 606 3502 sit
628 3435 757 3502 coelitus
780 3448 809 3502 et
832 3436 1001 3528 aequaliter
1024 3426 1177 3502 omnibus

106 3615 112 3628 Ι
180 3541 292 3626 indita,
315 3568 378 3633 quo
400 3554 490 3634 pecto
505 3543 574 3607 ltin
598 3541 636 3606 ab
658 3566 695 3606 ea
716 3539 820 3630 excipi
840 3553 971 3631 poterat.
1004 3539 1178 3604 Sedenim

180 3645 249 3714 ltie
284 3659 482 3740 oppresserat
517 3645 689 3732 naturalem
725 3645 812 3712 illam
846 3646 948 3714 cordis
985 3643 1174 3724 bonitatem,

90 3810 94 3822 ,
180 3775 280 3847 neque
302 3755 432 3848 ipsemet
453 3775 511 3842 per
532 3773 563 3815 se
584 3749 683 3818 voluit
705 3750 793 3842 sequi
815 3751 1010 3846 tacitamque«
1026 3746 1178 3818 eoelm's
