2476 4296
547 233 820 292 *228-

187 385 290 450 valoro
322 383 472 456 dictitans,
518 381 589 451 Quo
611 391 730 462 ⁸aventu
761 383 797 448 ad
831 376 961 442 meliora
993 377 1213 466 expectanda,

188 491 336 556 excitatus
366 500 394 552 et
420 483 562 550 beneficii
583 507 703 548 memor
723 483 868 574 princeps
891 506 978 570 omns
968 475 1213 578 ”officiorum

187 701 316 764 Frustra
338 693 442 757 omnia
463 693 559 764 luere.
584 691 685 756 Rediit
702 691 798 756 brevi
807 690 942 754 ferocius
960 689 1025 754 ad
1017 681 1202 778 ingenium

109 856 116 871 „
188 804 368 890 imperator,
390 798 472 860 undo
495 795 687 860 intellectum
702 807 756 876 est,
779 794 916 884 puellam
931 795 1112 863 necessaria
1128 817 1201 856 non

188 905 292 970 valera
313 901 513 982 auctoritate,
543 911 597 964 aut
622 923 661 962 ex
689 911 809 988 captata
830 899 932 964 statim
955 899 1058 988 gratia
1080 899 1202 987 paula·

110 1022 113 1035 '
188 1009 245 1073 tim
266 1005 411 1080 decidisse
434 1005 470 1070 ad
493 1003 605 1068 solitas.
618 1002 746 1090 reginae
764 1001 886 1068 Ta-lti
908 1013 998 1082 artes,
1021 1001 1199 1068 etnucbi-

187 1111 351 1189 nationes,
384 1119 437 1172 arat
466 1107 557 1172 etiarn
585 1105 710 1172 virilius
733 1105 909 1172 crudelibus
931 1105 1069 1172 corasiliis
1092 1107 1198 1173 obsti-

183 1217 267 1278 tisse.
314 1216 385 1284 (luo
415 1235 506 1276 sensu
534 1235 644 1276 verum
672 1221 738 1276 erat
758 1209 847 1290 illud,
877 1209 911 1276 si
930 1211 1070 1300 puella
1094 1212 1195 1276 soli-

188 1319 343 1384 ditatem
364 1316 502 1396 habet,
534 1337 610 1378 non
631 1313 773 1395 saciet,
803 1327 847 1378 ut
873 1315 1193 1380 determinetur.

188 1422 311 1502 Paucis,
335 1445 407 1486 cum
430 1431 493 1484 tota
515 1441 582 1508 spes
605 1417 804 1498 concidisset,
832 1429 865 1482 'ct
892 1417 974 1484 inter
993 1431 1042 1490 tot
1063 1419 1216 1509 procel-f

187 1527 232 1620 lap
255 1549 339 1591 nunc
361 1507 494 1612 sperans,
516 1547 589 1587 mox
609 1507 735 1606 timens,
754 1509 876 1612 semper
898 1523 1048 1588 sollicitus
1065 1548 1103 1588 ac
1127 1547 1194 1587 sus·

187 1653 302 1722 pensus
324 1628 438 1694 multos
461 1649 556 1692 annm
578 1629 711 1710 vixisset,
748 1627 870 1699 tandem
893 1649 923 1692 se
946 1630 1084 1692 domum·
1097 1628 1192 1691 velut

188 1737 223 1800 in
244 1745 372 1824 portum
393 1732 570 1821 recipiendo
594 1733 763 1822 tranquillo
777 1744 920 1796 mortuus
936 1743 989 1798 est.
1016 1733 1191 1824 Postquam
1216 1788 1217 1806 ,

188 1838 295 1930 parari
317 1861 446 1926 coepere
462 1861 547 1902 arma
564 1849 671 1902 contra
687 1827 908 1927 imperatorem
921 1863 939 1900 a
954 1836 1087 1900 Ou·ou
1098 1863 1115 1901 a
1125 1863 1189 1927 ng,

189 1944 251 2024 cui,
273 1953 311 2008 ut
332 1941 458 2006 caeteris
479 1941 690 2030 principibus,
712 1945 776 2030 jam
797 1952 881 2008 certe
903 1941 1001 2020 stabat
1023 1941 1188 2020 sententia,

190 2071 284 2136 quarn
304 2057 426 2112 mature
448 2045 518 2108 lieri
539 2058 642 2136 posset
668 2059 789 2112 mutare
818 2044 1063 2135 rempublicam:
1092 2045 1188 2118 ,tlioet

190 2151 308 2241 (inquit
337 2150 555 2241 Ort-ouang
583 2151 618 2214 in
640 2149 889 2241 Chousslsing,
912 2147 965 2212 lib.
987 2156 1033 2223 lt.)
1064 2151 1187 2236 majora

189 2277 289 2347 regna
310 2255 445 2322 reverita
467 2251 529 2318 sint
549 2255 643 2342 patris
665 2255 727 2319 mei
748 2255 934 2344 potentiam,
963 2254 1088 2322 minora
1108 2275 1187 2318 vero

190 2360 363 2427 amaverint
384 2359 480 2450 ipsius
502 2358 660 2438 virtutem,
689 2370 823 2424 attamen
845 2358 928 2422 intra
949 2381 1062 2423 novom
1086 2379 1186 2422 annos

103 2493 107 2499 ·
190 2467 229 2530 ad
249 2489 397 2556 magnam
419 2487 528 2530 renam
550 2463 782 2528 conversionem
806 2464 944 2528 nondum
962 2463 1066 2528 omnia
1084 2485 1185 2528 acces-

71 2641 81 2650 *
191 2581 307 2652 serunt,
337 2591 414 2660 quaa
445 2566 562 2634 scilicet
589 2567 627 2630 ad
654 2589 722 2630 eam
752 2565 940 2638 fesinandam
969 2566 1181 2634 contulerunt.

139 2735 141 2740 ,
190 2675 306 2738 Totam
328 2693 435 2734 rerum
457 2669 569 2734 seriem
590 2669 744 2756 explicant
772 2669 931 2759 sigillatim
952 2695 1032 2738 nova
1055 2683 1087 2736 et
1103 2670 1183 2738 anti·

191 2801 253 2864 qua
275 2773 505 2855 commentaria,
528 2771 620 2842 etiam
643 2775 827 2843 communia.
851 2777 944 2840 Anno
957 2799 1040 2842 nono
1058 2775 1182 2842 Ouan·

191 2903 329 2968 ouang
349 2889 491 2942 mortuus
513 2889 566 2943 cst
607 2879 700 2943 Anno
723 2879 842 2946 decimo
864 2863 895 2945 et
915 2880 1080 2945 undecimo
1102 2879 1181 2944 mili·

191 2997 236 3049 tes
259 2981 391 3072 provisi,
424 3005 536 3071 nempe
564 2981 693 3048 omnino
721 2984 844 3048 decreta
872 2984 955 3049 inter
976 2983 1131 3072 principes
1153 2995 1182 3046 rt

191 3088 428 3178 Ou-ouang,
458 3085 581 3174 imperii
602 3073 790 3168 mutatione,
823 3088 922 3154 itaut
943 3087 1024 3152 nihil
1046 3088 1111 3174 jam
1136 3111 1182 3151 su·

103 3233 107 3236 -
192 3201 335 3279 parasset,
371 3192 585 3280 quamtotius
615 3191 738 3278 imperii
759 3190 886 3258 comitia
906 3191 1053 3256 indicare.
1101 3191 1182 3256 llaec

191 3295 312 3360 ‹lechno
334 3295 425 3378 tortio
448 3320 529 3362 anno
550 3300 674 3380 (narrat
690 3295 770 3361 liber
791 3295 1090 3361 Tclreou-chou
1103 3293 1182 3376 lla.)

191 3397 296 3464 habita
328 3411 400 3466 sunt
430 3391 472 3464 in*
495 3400 773 3490 Mongtsing,
811 3399 989 3484 provincias
1021 3399 1181 3480 Honan3

77 3533 80 3540 ·
189 3505 276 3594 quod
299 3526 390 3592 supra
411 3506 646 3583 annotavimus,
680 3503 713 3566 in
736 3501 848 3592 prilsus
871 3501 947 3568 Ou·
937 3511 1103 3592 -ouan'g',
1136 3525 1181 3589 pa·

88 3647 94 3662 .
192 3607 286 3675 lom
276 3607 444 3696 imperium
463 3609 595 3684 odmisit
624 3605 827 3684 Verissimum
848 3607 953 3696 itaque
975 3630 1039 3672 essa
1061 3607 1181 3672 demon·

192 3723 308 3776 stratur
331 3713 457 3776 effatum
480 3696 552 3774 libri
574 3709 760 3776 Tcheou·
749 3735 790 3800 ·y
818 3733 872 3776 seu
895 3710 939 3775 Y·
929 3709 1050 3800 ls-ing
1077 3713 1114 3774 ale
1136 3712 1182 3774 de·

193 3815 410 3884 terminatione
433 3813 541 3882 ultimo
563 3825 631 3904 post
651 3815 757 3886 elecem
771 3837 877 3896 astrios,
900 3826 935 3884 ut
950 3813 991 3884 ait
1007 3814 1181 3888 tenuante,
