2436 4294
821 69 866 126 'f

570 235 609 252 -
677 209 738 270 aaa
806 166 867 249 -’
960 184 962 193 '

151 361 154 368 ’
214 351 299 440 quani
316 363 402 422 eeouti
419 369 482 418 eunt
500 358 558 429 alii,
577 359 661 432 vulgo
678 355 870 430 philorophiee
888 367 1063 432 usurpetur3
1082 359 1138 418 »erl
1154 377 1188 436 qr

213 471 332 528 eumque
352 452 433 507 modo
449 457 582 520 ιιιιιιιιιιι,
599 457 641 502 ιιι
656 446 703 504 hia
722 445 815 521 imago
832 447 908 520 regia
925 447 1047 520 perfecti
1062 450 1150 518 juxta
1168 471 1188 504 n

214 543 299 598 liorae
318 540 440 596 omnium
453 547 571 593 aetatum
585 535 760 610 interpretes,
780 536 1008 610 quamadmodum
1023 555 1041 592 a
1057 545 1123 592 tota
1134 557 1188 612 gen

174 653 176 662 ’
212 631 306 688 Siniea
323 629 456 684 eoelum
478 625 582 680 dieitur
599 623 825 700 imperatoria
846 632 958 697 pater,
982 625 1156 699 etquidem
1175 645 1188 680 a

196 713 365 798 ‘tiquieaima
386 714 598 784 consuetudine,
623 730 705 788 quarn
727 721 835 768 constat
856 731 889 768 ex
911 713 1119 789 (iheu-iring
1138 715 1188 769 ine

212 807 295 862 luisse
313 805 364 859 auh
381 804 489 877 primae
507 801 628 860 familiae
645 801 742 878 regiae
759 801 855 874 initia,
874 802 981 858 duellae
997 803 1131 876 'ampliare
1150 825 1185 858 an

210 911 303 950 aeram
322 893 500 950 christianam
519 909 656 948 antrorum
674 890 807 962 millium·
830 901 858 948 et
875 890 972 964 vigere
990 893 1155 952 eulrtartia
1176 895 1188 946 h

211 982 287 1039 milia
305 981 394 1056 liquet
413 1001 446 1040 ex
464 981 605 1042 sententiis
622 979 764 1056 Y-hing,
780 980 830 1042 uhi
851 979 1188 1058 Oeen-ouangloquur

209 1081 256 1126 tur-
276 1070 312 1128 ιι
335 1081 453 1126 mentem
477 1089 543 1128 euno
567 1069 670 1143 gentio,
696 1079 724 1125 et
745 1071 872 1124 eoelum
895 1079 996 1125 vocant
1019 1070 1188 1146 imperatori

206 1169 343 1232 patrem
364 1169 395 1215 et
420 1163 607 1234 exemplata,
630 1168 661 1216 ut
684 1157 838 1216 deindein
808 1159 1038 1236 insequentibus
1056 1161 1188 1234 capitilio

208 1247 327 1304 dicetur.
363 1248 406 1304 De
424 1257 510 1318 terra,
530 1249 585 1317 Ti
609 1267 658 1302 eeu
678 1245 712 1303 (le
730 1247 851 1302 aeeunda
868 1245 957 1321 figura
975 1249 1113 1320 Rauen,
1134 1251 1188 1304 simi

206 1337 241 1392 lia
266 1337 367 1410 passim
394 1339 590 1412 reperiuntur,
615 1346 673 1391 tum
700 1337 775 1411 apud
800 1335 923 1394 omnium
948 1337 1130 1410 interpretes,
1156 1357 1185 1412 qu

205 1426 410 1502 appellantur
402 1447 430 1484 ιιι
449 1429 527 1482 novio
548 1429 628 1502 regio
649 1430 726 1498 jussu
750 1427 816 1482 libri
835 1425 964 1500 Y·l‹ing
981 1427 1188 1494 commentariia

87 1567 91 1572 .
191 1521 263 1600 ‘turn
280 1515 354 1590 apud
372 1514 559 1591 philosophos,
578 1533 697 1592 quorum
720 1516 831 1573 nomina
850 1525 1032 1586 recensentur
1050 1517 1080 1570 in
1103 1517 1188 1572 iirden

131 1675 134 1686 Ι
206 1603 403 1677 philosophicis
421 1605 573 1684 punientia,
592 1623 640 1660 eeu
658 1605 693 1660 ele
708 1605 824 1680 phyeioe
834 1604 974 1662 universa.
991 1606 1114 1662 Rauen
1126 1607 1188 1662 enin

174 1750 176 1756 .
205 1703 245 1748 eat
262 1693 372 1768 quidem
397 1707 490 1750 terra
512 1695 665 1769 generatim
689 1703 816 1768 eumptap
832 1691 894 1764 aed,
912 1691 1036 1748 atriatiua
1057 1695 1094 1750 ad
1114 1695 1186 1750 ratio¹

204 1797 267 1836 nem
284 1783 544 1858 philosophicam'ei
562 1785 692 1856 exigitur,
710 1794 751 1838 eat
769 1783 854 1856 ipsius
873 1781 923 1854 vie,
942 1782 1069 1856 qualitas,
1088 1801 1185 1856 neupo

203 1869 257 1924 tiua
276 1869 335 1942 ipra
353 1873 467 1926 materia
485 1873 625 1932 terrestria
643 1881 749 1938 (alunt)
767 1881 867 1925 natura
885 1888 934 1924 aua
953 1869 1073 1944 fragilia,
1093 1873 1183 1946 regnis,

203 1977 300 2032 opaea,
319 1977 420 2032 oraora,
439 1971 466 2018 et
484 1961 519 2016 ad
534 1971 623 2016 motus
641 1977 823 2035 enormeque
841 1959 931 2021 minue
945 1970 1025 2032 apta3
1043 1977 1115 2032 quae
1132 1962 1184 2016 idm

202 2048 238 2105 ah
256 2048 422 2104 obscuritate
440 2051 544 2124 noetio,
563 2065 633 2126 quae
651 2049 754 2108 dieitur
772 2050 836 2118 Yu'‚
864 2047 917 2102 leit
934 2047 1068 2104 haetenua
1085 2048 1115 2103 in
1132 2049 1180 2124 phi·

201 2137 351 2212 leeophicie
367 2140 497 2200 Sinai-um
515 2139 615 2194 acholio
634 2139 787 2212 appellata3
809 2137 855 2191 eui
868 2136 940 2206 “editi
959 2139 1090 2198 haetenus
1107 2143 1179 2196 inter·

162 2293 164 2298 .
200 2235 310 2298 pratum
329 2227 520 2282 commentarii
539 2228 567 2282 in
581 2245 632 2282 ueu
646 2225 764 2281 neminie
775 2227 823 2282 Yn
835 2228 1018 2283 consentiunt.
1037 2228 1091 2284 Hae
1100 2249 1177 2303 porro

125 2333 130 2346 ¹
200 2314 268 2370 duae
286 2316 348 2372 eive
362 2317 507 2392 qualitates
529 2316 587 2372 eive
605 2315 733 2374 materiae
755 2313 860 2369 dieitur
876 2313 906 2370 in
926 2318 1126 2375 commentarii·
1144 2337 1175 2374 re

199 2403 252 2479 giis
271 2405 332 2470 (lib.
346 2415 472 2471 taeter)
490 2405 647 2479 prinoipem
666 2401 779 2474 Fo-hi,
803 2399 956 2476 figurarum
978 2399 1106 2482 Y-ting
1123 2425 1187 2463 auc·¹

143 2523 144 2528 =
187 2483 302 2567 ¹torem,
330 2497 446 2550 aolerter
470 2493 637 2566 comperisse
667 2509 699 2548 ax
724 2489 784 2562 ipea
808 2493 1041 2566 contemplatione
1063 2497 1131 2552 coeli
1154 2505 1173 2550 et

198 2591 300 2654 terrae,
319 2599 390 2658 qum
407 2583 502 2657 utique
522 2599 616 2640 rerum
626 2577 798 2634 materialem
813 2581 888 2634 reiut
902 2592 1030 2653 parentes
1042 2583 1171 2654 habentur,

197 2679 224 2724 at
240 2669 275 2724 ad
296 2681 444 2746 utrumque
460 2690 555 2726 eareun
574 2669 745 2743 principium
762 2679 837 2726 certa
851 2669 975 2726 breviter
988 2672 1170 2748 designandum

197 2768 272 2830 nota,
300 2757 452 2814 delineaaea
478 2759 577 2832 duplex
603 2761 692 2814 lineae
715 2777 802 2832 genno
826 2760 951 2832 integrae
977 2799 1128 2832 --.....
1151 2775 1169 2818 ιι

196 2887 262 2901 ...-
290 2887 352 2896 .-..
369 2849 558 2921 interruptae,
587 2852 625 2906 ita
652 2861 683 2904 ut
706 2851 754 2906 illa
779 2850 933 2908 etnrholum
963 2851 1089 2928 deincep·
1113 2863 1186 2910 eneti

197 2938 307 2993 virtutis
326 2948 373 3001 eeu
393 2931 529 3012 principii
548 2923 657 3014 Yatig‚
681 2941 748 2995 haec
767 2956 835 2994 vero
854 2939 965 2994 virtutis
984 2960 1032 2996 eeu
1049 2943 1166 3017 principii

55 3104 59 3112 Ι
81 3036 87 3054 '
196 3027 253 3082 Υιι.
290 3029 378 3106 Atque
394 3029 463 3084 haec
482 3046 557 3082 nune
575 3025 721 3096 sufficiunt,
741 3039 770 3082 ut
789 3047 859 3102 quoe
880 3048 912 3084 ex
931 3027 1123 3103 interpretibus
1135 3051 1165 3088 re·

197 3117 272 3172 serre
290 3116 447 3172 habemus
439 3136 467 3171 m
487 3117 669 3189 explicatione
687 3118 834 3186 cujuslibet
851 3115 959 3192 figurae
978 3116 1087 3178 erebus
1100 3131 1163 3176 natu·

194 3205 300 3260 ratibus
323 3206 423 3278 petitae
446 3205 526 3260 laoile
549 3205 668 3281 intelligi
691 3206 805 3280 possiet.
842 3209 942 3263 h'am
933 3227 962 3267 m
984 3209 1065 3267 tertia
1086 3207 1163 3296 operia

194 3305 282 3365 parte,
302 3311 371 3368 quae
390 3294 530 3366 pertinent
548 3295 581 3348 ad
599 3305 747 3368 utrumque
767 3295 946 3369 principium,
972 3315 1021 3352 eeu
1037 3297 1121 3370 potiue
1137 3297 1162 3352 ad
1184 3349 1185 3352 ,

195 3389 339 3454 utramque
361 3384 516 3454 materiem,
545 3381 629 3444 lunius
654 3394 680 3438 et
705 3385 847 3458 aigillatim
866 3386 1029 3458 exponenda
1045 3399 1120 3443 erunt
1136 3383 1161 3441 ai
1184 3369 1185 3388 ¹

193 3481 313 3524 textuum
334 3471 407 3531 tertii
427 3471 492 3528 libri
512 3471 632 3536 (ltuenJ
652 3471 691 3525 Y
698 3473 784 3546 hing
803 3475 1032 3544 elucidationem,
1049 3473 1101 3530 eine
1118 3491 1160 3550 qua

192 3577 263 3632 quae
282 3559 363 3616 habet
384 3560 418 3614 de
438 3559 484 3614 Yn
509 3571 535 3614 et
553 3561 649 3633 Yang
674 3561 712 3620 ita
733 3563 853 3618 obseura
879 3571 945 3617 eteet
963 3571 1082 3617 veterum
1097 3563 1158 3618 Sina-

193 3665 256 3702 rum
282 3649 474 3722 philosoplioa
500 3649 648 3704 sententia.
672 3657 702 3704 ut
728 3669 764 3738 ne
790 3653 901 3724 quidem
926 3653 981 3714 dici
1002 3663 1083 3732 posset
1104 3651 1157 3726 quil

182 3739 339 3794 ‘voluerint

681 3817 713 3850 κ
