2436 4294
170 211 179 248 Ι

393 261 395 270 ’
555 311 595 330 -
661 287 727 347 sse
791 267 850 330 ·-''

182 435 323 530 ,Magna
345 437 415 502 inda
437 433 572 516 corniola
591 443 660 508 ‘toto
682 433 817 525 imperio
831 399 1012 530 'celebritas
1046 455 1140 528 quae
1182 459 1206 504 v

89 596 92 608 .
198 541 268 633 ipss
289 541 359 608 aula
379 537 550 606 resonabat.
580 537 663 612 Cum
685 561 763 632 ergo
786 562 869 606 anno
891 539 1057 604 undecimo
1079 541 1125 606 ad
1160 541 1206 605 in

197 659 375 738 peratorem
396 635 529 710 sinisset
550 642 697 734 regulus,
727 654 758 709 et
786 664 910 712 summo
938 639 1046 714 suisset
1072 641 1206 712 honor

198 762 354 841 exceptus,
384 747 588 839 experimenti
618 747 759 838 capiendi
786 773 877 814 causa
907 759 1034 850 repente
1064 763 1206 817 vocatu

197 856 232 922 in
253 877 418 944 magnam
415 851 530 942 palatii
551 850 670 934 aulam,
703 851 855 944 ponitque
875 851 1048 942 imperator
1068 853 1112 919 de
1143 881 1206 946 qu

196 956 408 1024 consultarent
428 955 585 1047 primates,
607 955 737 1074 ipsique.
747 967 784 1022 ut
801 953 917 1046 hospiti
935 957 1052 1048 primas
1071 957 1206 1062 dicent

173 1114 176 1149 Ε
220 1073 299 1127 artes
316 1059 470 1152 defert3
460 1081 526 1151 ipse
548 1083 620 1125 cum
642 1059 809 1142 annuisset,
833 1060 928 1152 petita
950 1059 989 1125 ab
1007 1057 1074 1126 aliis
1094 1063 1206 1129 venir

171 1083 233 1236 ἘΘ
254 1187 290 1230 re
311 1159 487 1256 proposita,
515 1163 589 1230 licet
609 1161 747 1247 difficili,
779 1163 822 1230 ita
851 1159 1022 1247 disseruit,
1046 1177 1085 1231 ut
1109 1167 1206 1232 dicti

124 3881 128 3888 ’
255 3889 283 3942 s)
300 3881 360 3938 Vide
377 3877 598 3948 ilion-stedi.

194 1267 276 1334 nihil
286 1268 460 1336 addendum
476 1265 621 1362 nihilque
636 1213 860 1336 detraliendum
873 1291 979 1334 omnes
995 1271 1203 1340 censuerint

195 1375 233 1440 ad
255 1373 387 1466 pristine
408 1374 532 1466 itaque
528 1371 634 1440 rediit
659 1372 776 1457 studia,
807 1369 896 1494 donis
925 1372 1206 1468 laudibusqucal

196 1479 386 1569 imperatore
408 1478 593 1546 cumulabat.
662 1555 665 1562 ¹

282 1581 391 1647 Unum
402 1593 515 1662 sutem
537 1605 575 1648 ex
601 1581 778 1674 praecipuis
799 1593 942 1658 veterum
962 1553 1052 1650 libris
1074 1584 1142 1674 qui
1171 1587 1206 1652 sl

104 1691 107 1699 '
192 1687 250 1752 illc
283 1689 319 1752 ad
350 1687 561 1776 posteritatem
593 1709 794 1769 emanavere,
826 1685 945 1754 librum
977 1686 1064 1754 Chi·
1054 1687 1206 1784 -lting,

191 1791 342 1858 hactenus
365 1789 457 1856 Since
486 1814 594 1857 omnes
620 1815 738 1883 magno
760 1791 794 1856 in
815 1791 918 1882 pretio
940 1791 1100 1876 habuere,
1139 1819 1206 1864 nec

98 1913 116 1986 j
191 1893 319 1962 difficile
340 1893 401 1958 fuit
421 1894 559 1986 principi
580 1893 674 1962 illum
695 1895 848 1961 obtinere.
879 1897 974 1986 Apud
988 1895 1081 1974 illum
1098 1899 1206 1990 siqui·

190 2001 263 2068 dem
279 1997 802 2091 gratisvalebatMso·tchang,
825 1999 908 2092 quod
918 2012 997 2065 esset
1006 2000 1056 2066 vir
1067 2023 1206 2068 summe

189 2104 364 2186 litteratus,
397 2101 551 2192 imprimis
573 2101 674 2170 bonus
696 2102 834 2168 carmina
855 2101 1002 2184 sundere,
1032 2107 1122 2195 quod
1149 2131 1206 2173 re-‘

189 2209 269 2301 gulo
291 2206 538 2300 pcceptissimum
560 2217 634 2272 erat
664 2205 843 2295 Antequam
863 2209 967 2272 tarn'en
989 2205 1114 2274 librum
1139 2215 1201 2294 (ut

189 2311 322 2387 solebat)
344 2311 472 2376 offerret
493 2309 695 2402 imperatori,
726 2311 841 2378 iterum
863 2310 965 2378 voluit
985 2312 1056 2378 odas
1079 2335 1198 2380 omnes

189 2417 331 2535 antiquas
352 2413 433 2500 illas,
454 2415 542 2482 velut
562 2437 620 2506 per
640 2423 750 2478 manus
771 2415 907 2496 traditas,
937 2417 1140 2506 recognosci,
1164 2429 1196 2484 et

188 2520 224 2586 in
245 2545 346 2586 unum
368 2542 447 2609 opus
468 2518 677 2604 conferri¹)3
709 2517 847 2608 sepositis
866 2517 931 2583 alio
953 2518 1049 2584 variis
1072 2523 1195 2586 carmi-

187 2647 268 2691 num
297 2621 530 2688 collectionibus
557 2643 637 2712 quse
658 2620 836 2713 vulgatae'
825 2647 889 2710 Jam
910 2621 1051 2704 fucrant,
1085 2627 1190 2690 norni-

187 2737 341 2817 nataeque
372 2725 510 2798 camnine
539 2723 644 2807 Lou,
676 2725 765 2806 Tei,
796 2725 898 2808 Han,
929 2738 966 2792 ιιι
987 2729 1105 2794 dictum
1129 2741 1188 2796 est.

87 2819 90 2830 ·
157 2831 330 2915 „soem
351 2829 502 2920 sequium
531 2838 634 2906 ruunt
655 2827 867 2921 Che-lino
890 2829 1186 2916 Mt·*⁰⁰⁸¹¹·¹i’

186 2927 486 3016 T'ssi-lou-chi,
508 2933 609 3002 critici
630 2933 765 3025 antiqui)
787 2933 961 3000 carminum
982 2935 1079 3002 verba
1097 2937 1186 3002 bono

186 3037 259 3104 usui
288 3049 321 3107 et
349 3037 432 3104 inter
461 3063 493 3105 se
522 3039 747 3105 dissentiebant.
791 3039 889 3104 Notae
919 3038 954 3104 in
984 3061 1019 3104 es
1042 3039 1183 3107 editses

186 3110 405 3208 collectoribus
427 3141 516 3208 nullo
538 3145 631 3208 modo
649 3141 891 3228 conveniebant,
913 3161 1024 3208 eorum
1040 3145 1184 3212 doctrina

186 3247 305 3312 incerta
327 3247 387 3312 ιι
378 3271 412 3311 ιιι
439 3247 545 3313 multis
567 3245 679 3312 absona
700 3257 787 3332 crat3
826 3245 903 3338 quin
932 3257 964 3311 et
990 3236 1083 3312 lectih
1117 3272 1182 3316 non

154 3368 159 3398 ι
187 3361 262 3414 erat
276 3361 429 3434 constans,
452 3371 557 3416 sensus
579 3374 644 3416 non
666 3349 781 3416 idemd‘

274 3454 347 3518 lnde
375 3465 422 3520 est
449 3453 568 3547 (pergit
590 3453 741 3544 Hicng
749 3475 826 3520 sse·
814 3451 880 3532 -li)
910 3452 1024 3544 quod
1014 3478 1049 3519 ιιι
1070 3469 1180 3521 omnes

186 3571 273 3624 retro
283 3569 403 3639 aetates,
426 3559 553 3630 nomine
567 3555 767 3642 Mac-chi,
789 3557 870 3624 liher
884 3555 1058 3626 mimicum
1071 3557 1177 3646 (Chi
1199 3625 1200 3657 q

185 3663 299 3753 king)
329 3673 521 3754 propagatus
548 3661 663 3751 fuerit3
696 3673 727 3730 st
755 3663 839 3754 quod
865 3661 1054 3731 Maedica
1075 3663 1174 3732 dictus
