2404 4288
529 217 570 234 ..
635 181 700 250 328
765 214 806 234 ...

38 345 43 378 ⁴
87 377 100 394 „
173 337 369 430 ,enipeus
393 337 428 404 tn
456 337 580 428 mpero
601 335 718 404 finibus
737 331 854 428 ptem
900 337 972 410 ouo
1003 309 1028 402 ὲ
1062 370 1098 421 4.
1134 370 1142 393 ι

18 446 25 459 “
174 443 309 534 exempli
326 441 439 564 pratia,
462 437 521 506 hoe
541 451 648 509 nostra
671 463 795 532 quoque
821 432 918 506 aetate
942 451 987 506 est
1019 439 1101 506 Rex
1138 446 1151 495 t

174 569 255 630 reae,
281 547 337 638 qui
365 545 495 636 'quidem
515 543 555 610 eb
582 545 770 638 imperatore
792 543 877 635 regis
907 541 1049 610 titulum
1083 553 1119 608 et

175 649 277 742 signio
298 649 439 741 occipere
461 659 602 729 tenetur,
631 647 703 715 licet
729 649 827 742 patris
848 647 1033 731 necessario¹
1059 647 1128 712 bae

118 751 122 768 '
171 779 252 822 nen.
267 765 369 822 tonan
397 749 432 816 in
464 751 550 818 illius
580 738 652 818 aule
680 751 824 870 ipsemet·
837 751 1000 820 imervire
1057 785 1061 791 ·
1114 784 1148 806 ··*

174 869 312 948 tempore
334 879 477 946 praesens
490 855 592 924 edesse
614 853 693 921 sicut
707 854 761 920 alii
775 856 946 974 principes,
968 857 1069 946 quod
1090 855 1152 920 eli

169 961 280 1026 toleres
297 959 371 1024 ideo
391 959 587 1042 vocavisnus,
610 961 693 1050 qtrod
714 959 897 1051 imperatori
919 959 1002 1026 intre
1029 983 1160 1050 ιῙιιιιιι

172 1085 279 1146 annos,
302 1061 395 1128 etiem
417 1063 626 1156 remotissimi,
648 1061 754 1130 saltem
775 1063 872 1130 semel
894 1063 1002 1130 sistere
1026 1087 1068 1131 se
1093 1059 1162 1128 de

171 1177 242 1240 rent
263 1179 293 1232 et
313 1167 462 1234 ditionem
485 1188 573 1234 suem
592 1161 818 1286 imperotorum
833 1165 985 1232 beneficio
1009 1191 1156 1267 accep

119 1274 123 1286 '
154 1265 406 1360 'profiterentur
441 1271 551 1338 Nem
542 1294 609 1362 ipsa
631 1256 747 1338 similia
769 1271 922 1389 principis
943 1269 1026 1338 Ou·
1037 1293 1148 1337 ouen

138 1374 142 1393 '
173 1399 192 1438 a
212 1373 367 1464 principe
381 1375 513 1444 Heou·
527 1373 606 1440 tsie
628 1387 770 1494 repetem
792 1375 969 1465 originem,
1003 1374 1181 1466 antiquam

172 1497 260 1545 suam
287 1478 438 1545 ditionem
466 1475 651 1568 imperatori
673 1489 704 1544 et
726 1477 898 1567 legislatori
919 1477 1032 1544 Chen
1057 1477 1182 1542 ueterer

32 1655 37 1662 .
67 1659 73 1672 ,
168 1581 233 1664 lut,
254 1607 272 1648 s
292 1606 357 1674 quo
378 1581 441 1666 ille,
464 1593 572 1674 utpote
594 1581 673 1647 bene
694 1582 825 1649 meritus
846 1584 884 1650 de
905 1603 941 1647 se
963 1581 1101 1673 agreria
1115 1579 1183 1645 sibi*

170 1688 392 1769 commendate,
414 1685 515 1752 luerat
536 1685 675 1752 donatus.
709 1686 811 1775 Hujus
830 1680 979 1764 ¹(evolutis
1009 1709 1050 1772 ¹7
1074 1685 1184 1778 ‘gone'

170 1787 355 1871 rationibus,
377 1791 464 1856 eiunt
479 1787 618 1866 annales)
636 1812 731 1880 nepos
752 1787 994 1880 llong·leou
1019 1789 1167 1855 relictum

104 1902 108 1913 '
170 1893 395 1986 patrimonium
416 1894 503 1960 euxit
524 1905 590 1960 ιιιιιι
613 1890 701 1962 victis
733 1893 872 1960 herberie
893 1891 1016 1984 populo
1030 1917 1102 1962 -euo
1124 1891 1187 1982 ira-3

169 1997 272 2078 sestis,
293 2009 362 2063 ιιιιιι
384 1995 518 2064 externis
539 1991 598 2064 sihi
620 1997 730 2062 vicinis
749 1998 872 2064 sineere
893 1997 1020 2064 foedere
1044 1997 1162 2064 detine

65 2115 71 2124 ’
170 2100 228 2181 tis,
247 2100 329 2177 eudo
350 2125 439 2168 suam
460 2101 562 2168 eedem
584 2099 742 2168 transtulit
762 2099 796 2166 in
820 2099 931 2166 lecum·
946 2111 1026 2166 tuno
1040 2099 1160 2168 'dietum
1188 2116 1189 2144 t

170 2204 257 2288 Pin,
279 2228 364 2270 nunc
385 2204 475 2270 Pin·
488 2202 656 2286 toheou,
678 2216 798 2294 partem
819 2203 955 2295 aliquam
977 2203 1159 2299 provinciae

171 2307 301 2374 Chen·
290 2307 360 2391 ·si,
391 2309 435 2374 ite
457 2308 644 2375 eoncedente
673 2307 860 2398 imperatore
882 2307 954 2374 llie
960 2308 1101 2408 primae
1123 2305 1159 2370 fa-

39 2441 44 2450 ·
169 2411 305 2478 miliae
283 2413 512 2504 unperetoriae
534 2412 653 2479 dedimo
674 2414 825 2532 septimo.¹
860 2411 908 2476 Ex
929 2407 989 2478 hac
1013 2397 1087 2480 sede
1109 2411 1157 2475 ite

170 2516 387 2583 rumsecessit
407 2514 504 2582 Tei·
492 2537 659 2606 ·eueug,
680 2539 756 2582 avus
777 2513 927 2606 principis
948 2510 1093 2582 Ouen·
1101 2539 1158 2580 ou·

170 2644 258 2714 ang,
281 2618 467 2710 amplificeta
487 2616 626 2684 vicariis
648 2641 703 2684 sue
724 2619 857 2701 ditione,
878 2619 917 2684 ad
937 2631 1080 2686 montem
1101 2617 1158 2685 lli·

171 2721 285 2812 (ᾎιιιι
306 2734 338 2789 et
360 2721 464 2806 loepm
485 2721 606 2812 Fong,
628 2743 706 2814 qrrps
725 2721 788 2813 jam
803 2723 920 2790 obtinet
941 2719 1018 2790 urbs
1041 2723 1158 2812 Fong·

172 2823 409 2917 tsiang-fou
430 2824 645 2916 jurisdictione
667 2847 741 2892 suar

256 2927 291 2994 Si
311 2927 414 3020 itaque
434 2951 508 2996 oum
529 2927 560 3000 id
581 2945 682 3024 geom
703 2921 898 3022 principibus
930 2929 1013 2997 veris
1036 2929 1157 3023 imperii

170 3031 352 3116 clientibus,
374 3033 466 3101 sentit
486 3035 631 3125 princeps
653 3034 974 3125 Tcheou·lseng,
1003 3035 1097 3102 debet
1118 3035 1156 3099 ita

149 3225 151 3233 Ι
169 3133 245 3200 iniri
267 3135 383 3219 foedus,
405 3147 441 3202 ut
461 3137 515 3204 fiat
537 3137 675 3221 solide,
697 3161 751 3205 seu
773 3160 811 3211 ιι
834 3161 906 3205 sera
923 3137 1020 3203 animi
1035 3163 1157 3230 persue-

168 3239 256 3304 sione
278 3241 449 3330 cordeque,
481 3241 582 3308 multo
612 3242 712 3332 magis
734 3243 908 3308 curandum
928 3253 1051 3326 estut,
1074 3241 1155 3336 quod

169 3367 242 3409 cum
263 3343 399 3410 extemis
420 3343 633 3427 contrahitur,
665 3341 719 3412 liet
741 3359 829 3412 caute
851 3358 882 3412 et
903 3346 1033 3412 sineere.
1079 3351 1154 3414 Nam

168 3458 244 3512 tunc
265 3447 455 3567 reipublicae
476 3473 621 3540 novoque
642 3447 825 3572 Imperatori
851 3473 917 3514 non
939 3449 1045 3516 minus
1066 3451 1178 3548 prod-3

167 3547 237 3633 erit,
260 3557 354 3642 que'm
374 3549 456 3618 olim
472 3551 591 3644 profuit
604 3553 743 3644 principi
763 3555 895 3644 llong·
885 3549 1004 3634 ·,leou
1026 3552 1152 3646 aliisque

166 3653 232 3718 auis
253 3655 438 3754 nlaioribus,
471 3657 528 3748 qui
558 3679 633 3728 cum
658 3659 792 3724 externis
820 3657 929 3724 vicinis
951 3680 1070 3749 magno
1100 3681 1152 3724 suo

43 3795 45 3802 >
165 3744 377 3826 emolumento
406 3761 488 3853 pecti
516 3773 596 3828 sunt„
642 3764 733 3836 Quod
752 3775 857 3830 tantan
886 3786 950 3830 ιιοιι
983 3761 1025 3826 its
1047 3759 1153 3828 intelli·
