2546 4274
573 135 627 202 ι...Ι
681 147 757 219 [Μ’
812 165 855 202 s-
902 143 908 154 “

171 390 176 402 Ι
217 292 395 392 imparium
416 291 573 391 dynastiao
601 304 736 372 borealis
770 302 1007 393 (Pe·tcbao);
1040 312 1072 372 at
1102 307 1157 375 eod

217 415 358 495 tempora
379 405 414 471 in
436 407 620 475 australibus
642 407 790 476 Sinasum
822 409 993 500 provinciis
1025 435 1100 502 quas
1122 437 1156 478 re

215 509 269 576 bat
284 531 377 576 rarus
393 509 563 602 imperator
579 513 708 581 Ouen·
718 513 750 581 ti
759 514 796 592 in
813 514 1003 581 astronomia
1014 515 1157 584 relormar

216 611 399 681 laborabant
420 615 484 683 riri
504 617 609 686 selecti
622 630 662 702 et
682 619 767 686 inter
781 617 1153 714 slioapHo·tching·ti

216 730 413 799 astronomus
434 721 586 814 principis
609 723 752 790 b'aarodis
774 723 989 800 astronomiae,
1002 725 1147 811 studiosi,

215 835 252 890 ut
271 849 353 892 anuo
381 831 445 897 llll
474 827 629 926 prodierit
656 849 737 893 nora
758 827 948 895 astronomia
968 829 1057 920 jussu
1077 831 1157 920 irnpc

216 929 290 996 toris
317 930 464 1024 vulgata,
494 943 525 998 et
550 955 592 998 ex
618 955 654 998 ea
675 929 896 1000 calendarium
925 943 1001 999 tuno
1022 931 1157 1002 instituti

215 1034 376 1127 Quantum
397 1047 501 1104 autern
516 1037 638 1104 differat
652 1037 691 1105 ab
707 1037 861 1128 antiquis,
883 1035 949 1128 ipso
972 1037 1048 1104 llo·
1056 1037 1157 1106 tobir

214 1142 317 1224 tion,
339 1163 396 1208 suo
407 1143 455 1210 ad
477 1141 697 1232 imperatorem
719 1141 826 1206 libello
847 1137 975 1234 'publico
998 1165 1111 1250 quam
1112 1146 1157 1210 rel

214 1245 361 1330 historia,
405 1243 564 1337 sigillatim
603 1245 747 1338 explicat.
789 1245 838 1312 Ex
871 1270 935 1339 quo
969 1245 1048 1316 baec
1088 1275 1157 1340 pau«

213 1353 359 1442 ,quando
381 1352 479 1419 scitur
499 1349 600 1418 locus.
607 1349 727 1416 lunaria
749 1347 893 1440 eclipsis,
916 1349 1004 1418 locus
1025 1351 1129 1418 solis
1119 1379 1157 1446 ig

215 1467 264 1524 tus
287 1478 350 1521 esso
372 1477 436 1520 non
458 1467 569 1546 potest
602 1443 773 1522 Observato
795 1467 938 1521 accurate
960 1455 1010 1521 his
1037 1457 1157 1526 aonias

214 1559 288 1628 stitii
310 1569 428 1650 puncto
451 1559 637 1650 collatoque
657 1583 729 1626 cum
751 1559 789 1624 iis
816 1583 898 1652 quaa
917 1559 1067 1626 babemus
1088 1562 1126 1626 de
1148 1587 1157 1628 a

213 1663 296 1730 stitio
321 1663 404 1729 Yao
432 1664 517 1753 juxta
546 1665 707 1755 antiquam
734 1663 936 1747 methodum,
972 1664 1143 1756 pertineret

213 1768 347 1859 gradum
378 1777 417 1840 1⁷
447 1767 690 1839 constellationis
718 1769 828 1835 Toou
835 1815 846 1852 ,
876 1779 908 1835 at
935 1791 974 1834 ex
994 1767 1157 1836 observatis

211 1871 345 1940 bibetur
366 1872 450 1957 intro
475 1885 515 1945 ts
541 1883 572 1940 ot
595 1882 636 1946 tt
659 1919 668 1939 ·
692 1921 701 1940 .
724 1921 733 1939 .
755 1868 793 1940 ex
815 1873 983 1966 gnomonis
1005 1873 1157 1940 umbras

116 2061 121 2068 ¹
212 1987 334 2072 etpost
355 1977 521 2046 solstitium
544 1981 582 2047 ad
604 2000 783 2046 mansuram
805 1989 910 2056 exacta
932 1980 1102 2045 secundum
1117 2003 1157 2066 rep

181 2075 184 2082 ¹
212 2083 257 2150 las
287 2083 437 2175 antiquas.
482 2084 591 2150 Error¹
611 2107 690 2176 ergo
717 2083 760 2146 in·
783 2081 914 2149 solstitio
945 2079 1064 2174 corrigi
1092 2084 1156 2150 debr

210 2189 374 2255 Praeterea
402 2177 515 2254 multas
545 2187 709 2254 observavi
739 2185 989 2278 irregularitates
1018 2185 1054 2252 in'
1072 2187 1156 2254 motil

208 2293 303 2358 lunae
325 2341 333 2359 .
357 2341 365 2358 .
390 2341 398 2358 .
427 2315 553 2360 venans
574 2291 710 2357 calculos
737 2279 898 2380 antiquos,
932 2290 1096 2378 comparui
1120 2313 1156 2354 nr

207 2396 297 2464 lunia
319 2407 351 2462 et
371 2396 544 2488 plenilunia
565 2419 629 2462 non
651 2396 694 2462 ita
716 2391 884 2461 convenire
905 2389 1058 2484 tempori,
1088 2393 1139 2458 sed

208 2503 332 2571 tardum
354 2513 425 2567 ante
446 2501 512 2582 ire,
535 2500 694 2566 interdum
714 2497 877 2594 subsequi,
899 2507 1090 2590 quapropter
1102 2521 1154 2562 mo

207 2617 291 2672 recte
312 2604 522 2694 copatituendi
543 2605 696 2670 rationem
719 2605 806 2671 trado
829 2603 892 2670 boc
914 2603 950 2668 in
972 2601 1142 2692 opusculo,

207 2711 284 2802 quid
306 2711 478 2777 addendum
509 2719 554 2776 est
576 2708 882 2800 subtrahendumque
904 2705 1033 2772 diversis
1056 2719 1156 2798 tempo

206 2813 350 2882 articulis
372 2815 521 2880 adoceo.“
564 2813 688 2900 ltalille.
734 2811 835 2901 Quam
859 2835 948 2901 saepo
970 2833 1045 2878 vero
1067 2823 1156 2876 astrm

115 2903 120 2928 ³
206 2919 270 2985 mia
291 2919 460 2986 reformata
482 2919 538 2999 sit,
569 2929 671 3008 potest
691 2916 829 3008 intelligi
851 2914 1002 3000 faoiloex
1026 2915 1132 2980 libello
1155 2959 1156 2968 ι

161 3103 169 3112 ¹
207 3023 290 3090 cimo
316 3023 409 3090 tertio
440 3021 563 3090 saeculo
593 3033 724 3088 excunte
753 3019 934 3111 imperatori
967 3019 1156 3086 Youen-c]

207 3139 303 3196 tsou
325 3125 430 3196 oblato
453 3127 493 3192 ab
517 3125 636 3192 illustri
657 3135 835 3190 astronomo
849 3123 1155 3193 llo-Cheou-ki:

205 3233 336 3302 nomino
358 3229 524 3300 tribunalis
546 3227 771 3297 mathematicis
784 3235 818 3305 ¹)
839 3239 968 3312 „nostra
988 3228 1079 3310 (ait),
1110 3240 1155 3293 ast

206 3338 313 3407 nomia
341 3361 359 3404 a
382 3335 493 3428 primis
515 3334 650 3402 lamiliae
672 3331 864 3423 temporibus
889 3333 936 3398 acl
953 3331 1037 3398 banc
1070 3343 1155 3397 nostr

204 3499 416 3520 -ι-Ω

115 3625 117 3642 a
244 3587 315 3652 stln
332 3583 719 3660 Ἔοιις-Ιιίιιι-Ιιιιιε-ιιιοιι
743 3581 790 3636 lib.
810 3575 1033 3654 berg-tobes,
1059 3596 1125 3633 sono
1152 3593 1155 3627 ι

245 3662 531 3820 ulfilas-siaa
546 3745 593 3802 tin
611 3747 742 3814 lousa,
760 3761 827 3800 anno
846 3755 923 3830 tlte·

240 3867 357 3924 Υιιιιιιο.
380 3859 481 3922 ranst
1004 3847 1047 3912 52
1115 3873 1119 3882 ’

870 3962 873 3993 .
977 3987 981 4000 ,
1034 3971 1042 3985 .
