2536 4276
570 131 847 200 nem·-

159 245 170 290 t
215 278 382 361 metendo,
417 277 498 346 nihii
525 275 580 359 fiet
607 279 751 356 flexibile.
789 262 888 358 'Quod
917 283 1038 376 duplici
1060 288 1193 380 exemplo

214 383 444 478 Oonfupiusin
463 383 707 454 Commentariis
736 387 848 454 Toen
870 399 900 453 et
922 389 1043 480 Siang
1064 393 1191 482 exponit,

136 503 149 520 ‘
212 487 296 580 tigni
321 501 353 555 et
376 488 475 555 centis
495 489 659 580 -Lignum
688 493 774 579 §tuta
803 491 1034 584 physiologiam
1065 495 1192 566 Siniosm

211 603 335 660 textssre
352 605 535 686 maturaque
571 607 616 662 est
643 591 718 686 quid
745 607 866 664 rectum
899 621 1056 690 capaxque
1074 615 1077 623 ’
1092 625 1191 668 curra-

209 697 306 764 tionis
327 709 358 764 at
378 697 448 764 ideo
469 698 674 791 explicatione
695 710 795 791 potest
815 723 846 768 se
866 702 1045 785 restituere,
1066 715 1102 770 ut
1114 717 1191 795 patet

210 802 244 868 in
265 827 353 872 mmo
374 803 494 870 arboris
517 805 676 896 virgaque.
720 808 763 872 Aa
782 805 817 870 in
838 819 931 874 ventu
952 831 1016 872 non
1044 807 1087 874 ita
1106 833 1191 900 appa-

207 917 257 972 rat
284 907 361 998 quid
380 907 533 1004 natirarit
561 909 733 978 Ceniucius
742 956 754 992 ,
783 910 845 978 nisi
865 909 946 980 sorte
967 911 1068 978 flantis
1088 915 1191 979 reflan-

208 1011 311 1102 tisque
333 1013 568 1104 altercassstioes
590 1025 620 1082 ot
641 1037 735 1104 quam
756 1037 852 1105 supre
877 1016 1036 1108 attigimus
1051 1017 1126 1106 Cap.
1142 1027 1189 1090 57.

156 1171 158 1174 .
204 1114 441 1184 circulationem
456 1119 590 1210 spiritus
611 1118 658 1194 (it
670 1119 697 1194 i)
718 1119 858 1188 medium
880 1120 1054 1211 implentis,
1084 1143 1138 1187 scu
1158 1133 1193 1187 ut

61 1228 64 1242 '
115 1241 121 1268 ¹
203 1219 821 1312 nostuquim1u‚atrisiotermcdii;in
842 1223 892 1290 his
912 1224 1063 1315 siquidem
1083 1249 1193 1318 suppo

202 1321 293 1394 nitur
324 1327 528 1422 fluxibilium
557 1327 625 1426 'ipro
659 1327 831 1402 clasticitas.
876 1329 1044 1410 „Litterati
1077 1329 1192 1421 (inquit

202 1427 442 1508 ‘sehon-ssa)
461 1433 708 1524 praedecessores
730 1432 833 1500 nostri
864 1432 907 1500 ita
928 1457 997 1500 rem
1015 1433 1134 1500 habere
1149 1436 1191 1500 di-

201 1545 317 1602 xerunt
331 1535 372 1628 ‚ip
393 1535 481 1604 cocio
505 1548 649 1628 terraque
669 1561 749 1628 quae
771 1535 864 1627 piena
886 1549 958 1606 sunt
985 1586 994 1604 .
1018 1585 1026 1602 .
1049 1586 1057 1602 .
1081 1587 1089 1602 .
1112 1539 1191 1606 dicas

200 1639 277 1729 quid
309 1639 449 1712 volucris
479 1639 526 1710 in
545 1641 647 1710 medio
676 1637 800 1710 coelum
826 1640 909 1712 inter
939 1653 970 1708 et
997 1653 1111 1708 terram
1133 1644 1191 1710 nisi

198 1741 345 1832 spirituus
358 1795 361 1804 .
374 1743 424 1816 Iti
447 1779 464 1808 ..·
478 1781 519 1810 .·.
553 1743 589 1813 tit
618 1745 644 1812 is
676 1745 842 1836 aliquando
873 1744 1075 1836 conspicuus,
1117 1748 1190 1814 aum

104 1936 106 1940 .
199 1843 343 1934 cogitur,⁴
372 1846 547 1929 catonus,
577 1847 744 1939 figuretur.
788 1849 831 1914 At
860 1861 964 1918 munet
993 1849 1085 1934 etiarn
1106 1851 1191 1918 velut

196 1945 231 2016 io
260 1947 400 2016 obscum·
488 1999 496 2016 .
528 1964 645 2018 secreto
674 1943 787 2044 nempe
809 1953 1037 2044 circumagitur
1063 2001 1071 2018 .
1095 1999 1104 2018 .
1127 2001 1136 2020 .
1159 1965 1180 2019 .‘

195 2051 308 2135 „Q'ttin
330 2053 428 2128 (addis
448 2053 706 2147 Tching-tse)
733 2057 826 2128 etism
847 2053 942 2124 habet
963 2057 1045 2124 idem
1071 2057 1134 2124 sim
1157 2082 1188 2124 sc

197 2155 374 2248 explicandi
406 2159 739 2252 contrahendique..
763 2163 877 2226 ,aum
899 2185 931 2228 sa
953 2161 1104 2252 explicat,
1135 2185 1190 2228 vo

195 2261 261 2331 ceri
280 2275 409 2370 potest·
406 2264 546 2350 ·Chin‚
580 2268 685 2332 cadem
714 2289 789 2348 voce
819 2291 879 2356 qua
908 2265 1038 2332 dicimus
1060 2291 1191 2334 manum

193 2357 349 2488 diductis
394 2371 499 2440 Dum
495 2368 663 2447 contrahit
684 2393 765 2450 sese,
797 2369 902 2436 vocari
924 2381 1026 2460 potest
1045 2369 1189 2454 Rouei,

107 2501 110 2516 ·
195 2497 257 2564 qua
278 2447 353 2546 r'oea
378 2474 472 2538 ctiam
489 2473 614 2540 dicitur
642 2474 852 2564 comprimere
880 2497 1038 2540 manum.
1096 2475 1193 2538 ‚vi

194 2573 393 2645 canu-abitur
422 2601 539 2668 suaque
566 2591 675 2644 natura
708 2577 795 2645 volut
823 2601 854 2643 se
881 2577 1017 2644 restituit
1047 2577 1084 2646 in
1114 2579 1193 2644 inte-

194 2702 307 2776 grum...
344 2679 416 2754 lnde
450 2671 486 2746 fis
518 2681 593 2772 quid
626 2681 727 2748 simila
756 2681 955 2772 exspirationi
993 2693 1024 2748 ct
1055 2683 1194 2774 inspiro·

192 2784 276 2854 tioni
298 2831 307 2849 .
330 2829 339 2848 ·
364 2831 372 2850 .
396 2831 405 2850 .
433 2796 543 2852 vennas
566 2785 709 2854 hiemalis
731 2798 776 2852 cst
798 2785 908 2876 quovis
931 2809 1012 2852 anno
1035 2785 1194 2872 borealis3

193 2889 305 2982 utique
326 2889 469 2958 extorris
481 2889 603 2982 frigidis
617 2889 835 2982 septentrionis
852 2889 1124 2980 montibusque
1086 2891 1194 2958 meeis

192 2993 232 3063 at
253 3013 310 3062 uos
332 2993 435 3082 renit3
469 2995 636 3086 compressi
665 2995 721 3062 Yn
747 2992 798 3058 illi
823 2993 950 3096 spiritus
978 2993 1123 3060 refluunt
1156 2997 1196 3060 ad

194 3099 348 3168 Aureum
368 3097 426 3166 ubi
448 3097 495 3164 sol
511 3099 589 3180 Ts—
578 3125 699 3190 -yang
721 3097 898 3164 dominatur
918 3095 1141 3270 dilatansn
1071 3099 1193 3164 omnia.

193 3203 250 3278 its
264 3203 355 3270 etiam
386 3203 423 3271 de
451 3213 543 3272 vento
573 3203 686 3272 austro
715 3203 833 3270 dietum
860 3211 1008 3292 puta..

191 3319 411 3400 tempestatum
441 3307 526 3375 venti
553 3319 725 3400 sequuntur
755 3317 876 3374 motum
898 3249 1041 3379 solis·
997 3353 1006 3375 .
1029 3351 1070 3370 ..
1102 3329 1198 3372 nunc

193 3415 232 3485 sd
253 3421 410 3496 austrum,
441 3437 526 3480 nunc
545 3414 583 3479 ad
603 3413 733 3480 boream
754 3421 919 3509 gyrantem
946 3455 954 3476 .
977 3455 985 3472 .
1010 3455 1018 3474 .
1041 3419 1074 3474 at
1097 3409 1197 3496 (obji-

195 3517 296 3596 citur)
325 3518 447 3586 orienta
475 3517 538 3584 sola
567 3517 670 3586 oritur
695 3527 726 3586 et
747 3525 856 3584 sentus
879 3560 888 3580 .
910 3560 918 3578 .
942 3559 950 3578 .
972 3511 1054 3580 sorte
1081 3525 1116 3579 et
1139 3513 1198 3580 itta

193 3620 334 3713 s'aqnitur
351 3631 477 3689 motum
499 3619 583 3702 solia,
605 3621 753 3688 diurnum
775 3615 910 3698 scilicet,
933 3639 1006 3682 nasu
1027 3615 1095 3682 hoc
1117 3615 1199 3684 loco

192 3725 275 3798 iuter
296 3736 424 3796 sentum
444 3736 660 3820 tempestatum
685 3731 770 3798 certo
801 3733 924 3792 unum
945 3721 1020 3790 suoi
1043 3731 1199 3816 usupare
