2376 4284
528 253 568 268 -
635 219 803 284 360-

96 391 102 406 ⁸
176 371 387 457 Cho-tso'u,
409 373 479 438 licet
498 365 540 436 'ab
561 372 748 462 imperatore
770 373 982 462 Ou-ouang
1002 371 1134 438 ditione

176 475 283 570 reguli
306 478 397 543 titulo
418 473 783 556 donatos‚'rehallioaem
807 477 949 558 movisse,
965 499 1115 566 quorum
1147 503 1169 540 a

177 591 225 650 ter
245 579 347 648 morte
368 580 493 646 affectus
516 591 576 660 est,
611 577 690 661 alter
720 579 754 643 in
783 579 924 646 ordinem
942 579 1109 671 plebeium

175 687 284 752 ductus
315 707 333 748 a
362 693 464 747 tutore
492 694 522 761 et
550 683 731 748 administro
764 683 1081 774 Tche'ou·lsong,

116 865 124 886 „
154 787 255 862 ,forte
288 809 360 852 cum
392 784 468 850 baec
490 773 638 852 scriberet
662 799 777 852 terrere
807 787 910 852 voluit
932 810 1010 878 quos
1032 787 1149 851 occult

174 889 386 981 suspicabatur
409 889 545 960 insidiari
567 915 623 958 suo
646 891 735 957 fratri
758 891 993 982 (lu-oueng.
1038 893 1080 956 At
1105 915 1174 980 pos

172 994 270 1084 ipsius
291 1006 434 1074 mortem,
458 1017 535 1085 quae
553 993 645 1060 hreri
658 1005 760 1058 secute
772 1007 826 1075 est,
848 996 972 1062 eosdem
982 997 1044 1085 jam
1062 1017 1153 1085 aper

45 1089 58 1156 ἶ
171 1096 382 1164 machinantes
413 1098 565 1170 continuo
586 1097 782 1186 debellandos
810 1121 846 1163 ac
868 1120 975 1164 serere
996 1096 1167 1189 puniendo

170 1201 315 1294 suscepit.
360 1201 442 1268 Cum
472 1223 577 1269 secum
608 1201 777 1292 prudenter
806 1200 911 1268 animo
940 1213 1104 1290 reputaret

170 1305 429 1397 periculosiorem
452 1327 516 1370 esse
539 1307 647 1370 eorum
670 1303 875 1388 molitionem,
899 1304 1083 1398 quoplures
1108 1331 1165 1370 ma

171 1409 288 1476 lerolos
311 1409 392 1502 regii
415 1409 576 1502 sanguinis
598 1407 762 1500 splendore
786 1418 816 1474 ct
838 1409 1023 1475 auctoritate
1044 1409 1173 1500 amplis·

134 1575 137 1582 .
170 1515 265 1582 simae
288 1513 446 1604 dignitatis
468 1513 638 1604 percellere
655 1526 807 1604 poterant,
830 1511 951 1604 tutique
967 1525 1055 1580 eraut
1072 1538 1091 1578 a
1111 1539 1177 1604 gu,

169 1619 387 1684 bernatoribus
409 1617 662 1708 provinciarum,
685 1629 777 1708 etque
796 1616 835 1682 ab
851 1616 997 1682 omnibus
1017 1616 1047 1682 id
1065 1631 1177 1708 genuit

169 1722 367 1815 magnatibus
396 1722 431 1787 in
452 1745 489 1788 eo
510 1720 591 1788 nibil
613 1733 699 1787 certo
721 1720 858 1802 ausoris,
889 1719 950 1786 soli
972 1721 1088 1812 quippe
1113 1721 1167 1784 im

145 1803 154 1828 Ι
167 1826 322 1918 peratoris
353 1827 495 1916 potestati
528 1837 616 1891 erant
646 1825 785 1890 obnoxii.
832 1825 923 1898 (laod
953 1849 1019 1890 non
1047 1825 1164 1891 mirum

169 1941 231 1998 est:
261 1955 331 2001 narn
346 1941 391 1998 'et
420 1930 532 1996 caeteri
553 1929 708 2020 Dynastec
738 1928 979 2020 imperiilvariis
1002 1929 1098 1995 titulis
1120 1929 1177 1993 ira-l

169 2037 283 2127 signes,
307 2045 338 2099 et
359 2045 410 2109 (ut
432 2049 596 2108 vocamus)
618 2033 759 2114 Venelli,
782 2033 854 2104 licet
872 2040 937 2100 non
960 2046 1060 2100 essent
1078 2057 1094 2098 e
1115 2057 1163 2096 re-

170 2137 224 2230 gio
247 2139 416 2228 sanguine,
450 2138 508 2202 sub
532 2137 648 2204 semilis
667 2139 828 2204 Tcheou
850 2161 868 2201 a
890 2136 958 2202 solo
981 2137 1177 2228 imperatore*

168 2243 351 2334 pendebant,
374 2244 425 2308 sed
447 2242 593 2308 incertis
616 2242 735 2308 casibus
758 2266 822 2306 non
846 2236 955 2306 ²solum
978 2239 1158 2320 rebellionis,

166 2349 220 2429 sed
248 2347 339 2414 etism
368 2345 473 2414 omissi
505 2347 555 2412 rel
579 2344 719 2438 neglecti
748 2343 890 2437 obsequii
912 2357 1035 2413 'stntsrta
1056 2371 1073 2411 a
1093 2345 1160 2410 Ou-

101 2537 103 2541 ,
169 2472 297 2545 ouang
318 2451 389 2544 lege
412 2451 594 2530 mulctandi,
617 2463 653 2516 ut
675 2452 794 2516 dicetur
814 2449 898 2516 alibi.

225 2621 237 2628 ,
254 2556 411 2622 Sentiebat
439 2555 559 2620 scilicet
587 2553 891 2644 Tcheou·l‹ong
919 2555 1025 2620 omnia
1054 2554 1177 2644 deberep

168 2661 305 2748 pendere
327 2657 366 2722 al>
387 2658 592 2747 imperatore,
623 2669 670 2740 et,
693 2671 728 2724 nt
750 2659 858 2724 deinde
881 2658 1054 2724 Consucius
1074 2659 1105 2722 in
1127 2655 1155 2718 li·
1176 2657 1177 2708 l

167 2763 226 2826 bro
248 2761 410 2851 bun-yn
433 2759 569 2849 alibique
587 2761 723 2842 docebat,
737 2748 1153 2852 potestatemssdeterminandi

167 2864 339 2930 absolmam
362 2875 393 2929 et
414 2865 616 2932 decretabiam
649 2891 713 2931 non
740 2866 851 2932 debere
874 2889 938 2932 esse
960 2889 1055 2958 pones
1073 2863 1177 2960 mini-p

163 2979 248 3040 ,stros
270 2980 301 3034 et
322 2967 525 3050 consiliarios,
545 2970 743 3060 quantumvis
759 2969 963 3060 perspicaces,
986 2981 1153 3060 quantoque

167 3087 299 3138 munere
313 3083 464 3162 potentes,
481 3075 531 3138 sad
549 3095 641 3163 pones
656 3075 759 3164 ipsum
773 3075 1006 3164 imperatorem,
1022 3075 1057 3140 ad
1069 3095 1151 3163 quem

168 3175 274 3242 omnia
294 3175 419 3266 imperii
441 3176 577 3268 negotia,
600 3189 670 3268 post
688 3203 814 3244 examen
837 3178 975 3268 primum
993 3205 1012 3244 a
1031 3178 1151 3244 tribuna-

26 3340 28 3348 ,
85 3359 89 3370 ⁹
168 3279 250 3346 libus
273 3277 323 3362 rel
344 3276 494 3346 ministris
516 3277 641 3363 sactum,
663 3283 796 3374 denique
812 3281 991 3348 referantur
1011 3282 1096 3373 regio
1110 3281 1151 3367 ju„

168 3384 250 3450 dicio
271 3383 452 3468 decidenda,
486 3384 688 3478 promulgate
720 3408 778 3477 per
806 3384 976 3476 imperinm
1004 3381 1146 3457 sententis,

170 3491 257 3562 Quae
288 3487 395 3578 opinio
428 3489 576 3555 Sinerem
605 3515 670 3556 non
706 3490 830 3556 videtur
865 3489 966 3556 multo
994 3489 1148 3554 differres

168 3616 260 3658 sensu
290 3589 464 3659 multarum
486 3593 715 3676 Romanorum,
747 3595 801 3684 qui
830 3595 912 3682 apud
934 3593 1074 3660 Tacitum
1100 3589 1145 3654 eie

167 3697 341 3778 beraeam
364 3721 443 3762 esso
466 3693 739 3764 conditionem
764 3698 1005 3786 imperandi,
1026 3707 1065 3762 ut
1083 3715 1144 3760 nan

168 3800 249 3867 alia
271 3803 373 3869 rasio
396 3815 552 3870 constet
574 3827 687 3894 quam
711 3803 743 3868 si
768 3801 837 3892 noi
860 3793 1057 3868 leddatur.
1078 3799 1142 3864 Coe
