2536 4276
453 168 815 244 :dli-2·

113 327 276 408 (lineium,⁸
296 351 354 418 seu
381 331 546 425 supremus
574 327 760 417 imperator,
795 336 839 394 est
857 344 986 420 semper
1008 322 1100 414 origo
1126 345 1130 354 ’

107 451 223 502 rerum
244 431 403 515 sennium,
425 446 471 502 est
491 433 635 501 deminus
652 429 921 520 ,rectorque‘coeli
942 439 973 494 et
991 440 1103 512 werae,
1192 505 1195 512 ἱ

114 551 161 606 est
179 547 405 628 paterqpatar.
448 538 516 606 Rex
545 547 576 604 et
603 548 692 626 pater
713 527 858 601 suntab
885 557 922 598 ee
944 531 1102 620 assumpti,
1150 551 1158 564 ·

38 655 40 660 “
112 641 252 729 adjuncti
272 640 334 708 sibi
355 665 392 706 ac
414 641 500 708 velut
520 640 659 708 associati
681 641 718 704 ad
740 662 775 704 ea
796 660 876 728 quac
896 627 1032 727 spectant
1047 636 1103 700 hc·

112 746 220 812 ninas.
264 747 394 810 interest
422 744 609 825 similitudo,
637 743 753 835 paritas
779 742 838 808 late
861 752 997 832 sumpta,
1028 763 1102 820 cen·

112 872 239 930 cursus,
262 848 634 940 cooperaticutriusque,
651 845 783 912 atnulla
798 845 963 938 aequalitas
974 846 1114 936 proprie¹
1186 857 1187 862 ’

112 953 204 1020 dicta,
248 952 443 1044 Dicendum,
465 952 568 1044 inquit
588 953 632 1020 8.·
643 951 798 1033 Thomas,
821 950 904 1042 quod
924 949 1019 1016 homst
1035 948 1117 1014 effi?

112 1058 193 1126 citur
215 1057 418 1124 diversimode
440 1057 561 1124 debitor
583 1057 650 1123 aliis
672 1058 841 1122 secundun
868 1079 981 1136 eorum
1001 1053 1101 1122 diver·

114 1179 193 1230 sam·
210 1150 421 1228 cicellentiam
453 1174 483 1227 et
511 1162 631 1228 diversa
657 1158 808 1253 beneficis
836 1159 875 1226 ab
903 1159 950 1224 ais
967 1169 1100 1249 accepta.
1188 1219 1190 1232 ,

112 1269 148 1334 ln
185 1277 322 1356 utroque
356 1267 441 1333 Deus
475 1291 631 1334 summum
658 1263 764 1330 locum
795 1264 931 1346 obtinet,
965 1273 998 1329 et
1027 1263 1101 1354 quia

112 1370 382 1438 excellentissimus
406 1383 450 1437 est
473 1371 560 1436 nobis
583 1369 709 1436 essendi.
729 1381 760 1434 et
780 1369 1016 1460 gubernationis
1038 1367 1100 1459 pri·

48 1534 72 1570 Ι,
112 1501 200 1541 mum
222 1475 430 1567 principium,
459 1475 637 1542 secundaria
665 1473 868 1564 vero'nostri
896 1497 960 1538 esse
990 1485 1020 1541 et
1042 1483 1100 1564 'gu-

113 1578 303 1653 bernationis
325 1579 480 1670 principia
492 1592 572 1646 *sunt
593 1590 734 1670 parentes
756 1590 786 1643 et
806 1577 915 1668 patris.

197 1684 249 1750 Ob
271 1681 421 1754 denum
443 1684 536 1750 etiam
557 1685 742 1752 exercendae
764 1705 925 1774 supremae
941 1681 1099 1772 potestatis
1182 1721 1186 1735 ι

112 1788 265 1854 rationem
292 1812 370 1878 quae
403 1788 437 1853 in
466 1775 525 1854 hcc
553 1788 790 1880 epiphonemate
817 1789 944 1852 affertur
975 1807 1101 1876 compa·

108 1885 194 1960 ,ratio
211 1887 365 1984 ¹principis
386 1917 460 1976 cum
483 1895 605 1960 subdite
626 1891 1015 1988 reipublicaeadministro
1030 1915 1102 1988 ¹nen

113 2009 282 2090 utrumque
304 1997 463 2088 aequalem
485 2021 654 2090 paremque
667 1996 899 2077 omninodacit,
922 1996 973 2062 sed
986 1995 1102 2060 utrius-
1133 1990 1137 1998 ’
1217 2043 1220 2050 -

112 2125 174 2194 que
195 2103 232 2168 ad
254 2101 418 2192 politicum
447 2102 588 2192 regimen
616 2127 745 2192 operam
774 2097 943 2192 comperet.
989 2099 1024 2166 si
1046 2100 1101 2164 mi·
1146 2119 1149 2124 ·
1207 2123 1215 2132 ·

24 2279 26 2287 ,
112 2205 208 2272 nister
230 2205 299 2271 idco
322 2205 460 2296 principi
481 2207 607 2294 aequari
628 2207 723 2271 vellet
743 2207 824 2294 quod
848 2217 967 2272 tantum
988 2215 1101 2294 posset,

114 2311 401 2400 transgrederetur,
430 2309 535 2398 inquit
557 2309 727 2374 Confucius
756 2309 841 2373 hunc
867 2310 1042 2390 inlocum,
1072 2317 1103 2374 et
1189 2302 1194 2313 “

114 2416 139 2482 si
161 2399 444 2506 transgrederetur,
467 2407 669 2481 calamitatem
692 2409 750 2477 sihi
772 2425 957 2494 accerseret,
988 2411 1102 2479 merito

113 2518 229 2586 scilicet
256 2517 436 2609 plectendus
464 2517 661 2610 aprincipe.
705 2518 783 2584 Nem
807 2528 1046 2608 pneumatique
1066 2516 1102 2596 in

113 2621 263 2718 dignitate
284 2621 346 2704 sit,
362 2619 467 2704 aium,
495 2621 650 2704 subditus,
680 2622 712 2687 id
734 2633 835 2688 totum
857 2636 930 2688 cum
951 2621 1108 2689 habenta·

111 2725 271 2820 principe,
308 2727 398 2792 debet
429 2726 459 2792 ei
491 2725 629 2794 assistere
659 2751 731 2792 cum
764 2725 918 2818 singulari
936 2739 983 2807 *et
1015 2726 1102 2796 vetut

112 2831 205 2897 mma
225 2831 356 2921 quadam
377 2832 560 2898 revemntia.

199 2937 248 3001 Ad
275 2935 411 3027 aliquem
439 2935 544 3027 itaque
573 2937 719 3027 adjungi,
750 2936 893 3002 comitem
922 2937 1103 3029 sociumque

114 3039 273 3120 accedere,
311 3041 485 3128 adjutorem
512 3039 682 3130 postulari,
698 3031 700 3036 ’
716 3043 799 3130 apud
822 3041 924 3123 Sinas,
958 3054 994 3108 ut
1020 3044 1104 3132 apud

114 3165 190 3224 nos,
211 3143 356 3209 mevenit
377 3143 507 3210 subditis
527 3144 790 3236 inferioribusque
812 3145 982 3236 dignitate3
1012 3147 1105 3213 innu-

96 3246 268 3336 ”merisque
310 3248 542 3338 magistratibus
581 3249 653 3316 licet
695 3253 794 3340 gradu
833 3250 1006 3317 mineribus
1049 3253 1104 3342 qui

115 3351 309 3440 imperatoris
344 3354 516 3441 adjutores,
557 3354 632 3420 sccii
671 3350 833 3452 rigiminis
869 3367 902 3420 et
937 3356 1104 3447 participes

114 3465 199 3522 recte
226 3455 332 3520 vocari
360 3468 508 3546 pessunt,
542 3469 573 3523 et
601 3458 693 3524 variis
722 3458 825 3525 siricis
856 3458 1000 3530 formulis
1030 3461 1103 3528 tales

116 3558 228 3650 passim
263 3559 298 3622 in
330 3560 537 3646 nihunalibue
571 3563 798 3654 exprimuntur.
834 3563 991 3655 Discipuli
1021 3564 1102 3630 Con-

115 3663 200 3742 lucii
231 3685 336 3730 nosses
362 3664 406 3730 in
446 3663 535 3730 cultu
570 3691 678 3734 mnus
715 3669 881 3760 participes
923 3667 1005 3735 liunt
1045 3669 1102 3750 hc-

111 3767 482 3842 mmmmtcs‘ittim
513 3771 642 3840 semitm
685 3785 716 3841 et
751 3774 844 3860 sccii,
878 3775 918 3842 ab
953 3774 1100 3844 sonibus
