2546 4274
6 611 30 666 at

4 734 19 778 u

4 787 27 882 is

6 1053 24 1096 fl,

2 1159 22 1203 tt:

2 1267 20 1324 a

335 173 338 192 '
438 227 483 248 -
545 147 718 264 asss-

85 369 188 424 quoruut
208 351 359 421 experientis
376 353 541 422 provisionem
558 354 638 421 perit,
664 369 716 404 noo
732 357 813 404 tem
830 349 937 406 similent
953 347 1072 407 seieut'm

84 444 243 496 mutationum
256 443 384 512 temporis,
410 461 483 512 qum
500 443 593 496 notatio
618 441 734 492 allamma
756 439 841 504 euers,
869 441 965 492 etiamsi
986 451 1074 496 metra

84 534 117 624 pit
135 541 209 584 certa
234 531 263 582 lu
278 532 326 583 hoc
344 531 366 582 si
383 533 438 601 quie
454 548 495 584 aas
508 530 623 600 componi
632 546 703 598 possa
712 539 782 598 putat
791 528 856 582 nihil
866 529 1015 592 inconmodi
1028 539 1072 582 est.

338 874 588 944 ARTICULUS
609 873 818 944 OCTAVUS.

174 1053 267 1124 Quod
288 1076 353 1118 non
376 1051 456 1118 cadit
477 1050 535 1117 suh
556 1072 736 1116 mensuram
758 1050 948 1141 modumque
961 1043 1091 1144 princi-

87 1157 214 1250 piorum
236 1155 309 1239 Yn,
331 1155 459 1250 Yang',
481 1155 598 1222 dicitur
620 1153 740 1234 chia,
763 1153 898 1244 spiritus.

174 1261 330 1328 Convenit
360 1261 443 1328 inter
472 1260 656 1350 interpretes
686 1259 723 1326 de
750 1281 841 1326 sensu
861 1257 956 1328 ebrio
984 1257 1080 1349 hujus
1164 1273 1197 1308 n

88 1377 203 1448 textus,
233 1377 264 1446 et
287 1368 329 1432 'de
359 1390 449 1433 sensu
479 1363 656 1456 dogmatico
678 1363 889 1430 controversia
910 1375 973 1446 est,
1006 1387 1080 1433 cum
1131 1365 1134 1372 ’

89 1471 226 1538 diverses
256 1481 323 1538 tum
349 1471 383 1536 in
413 1470 570 1562 religione
600 1453 673 1538 turis,
696 1467 729 1534 in
758 1467 959 1564 philosophia
980 1479 1080 1536 sectae

89 1574 246 1665 applicare
268 1575 306 1640 ad
328 1597 396 1640 suas
418 1586 519 1664 partes
540 1585 681 1642 veterum
703 1571 798 1638 varha
819 1573 970 1666 studeant
1017 1571 1081 1647 Qui

2 1689 3 1692 ’
89 1678 173 1746 enim
195 1677 322 1768 spiritus
345 1678 407 1744 sire
430 1679 496 1744 sine
517 1701 652 1768 corpore
669 1676 734 1744 sire
749 1675 783 1742 in
799 1700 932 1767 corpore
950 1677 1080 1745 existere
1169 1743 1177 1752 .

88 1782 295 1873 profitentur,
340 1782 420 1848 sicut
455 1781 648 1868 Christiani,
689 1779 815 1865 ludaei,
852 1780 1079 1868 mahumetani,

89 1885 289 1968 idololatrae,
324 1897 457 1977 suntque
485 1887 561 1952 adeo
589 1884 704 1978 populi
725 1909 797 1976 pars
818 1884 914 1977 longe
935 1886 1080 1970 maxima,

89 1990 132 2058 its
154 1989 239 2056 hunc
262 2002 380 2056 textum
401 1989 573 2082 accipiant,
595 2002 632 2056 ut
652 2003 769 2081 negent
790 1991 874 2082 quod
896 1988 997 2065 solum
1018 2015 1081 2058 ma·
1127 1999 1128 2006 ’
1170 2049 1175 2058 ι

90 2095 169 2162 teria
189 2091 240 2162 rel
263 2095 441 2164 tenuissima
462 2107 598 2178 constat,
617 2093 749 2186 propris
764 2094 832 2160 dici
854 2093 1083 2190 chia,api1·i-

90 2211 174 2283 tum,
202 2201 236 2266 in
266 2225 330 2292 quo
359 2211 441 2268 certe
463 2200 653 2266 conveniunt
681 2224 752 2264 curo
775 2199 915 2267 litteratis
932 2201 1083 2290 antiquae

92 2327 221 2372 suorum
249 2305 408 2370 doctrinae
437 2303 613 2386 tenacibus,
644 2325 723 2394 quae
751 2301 869 2384 scilicet
898 2301 995 2392 liquet
1017 2327 1083 2372 nou

92 2407 193 2474 solum
226 2431 264 2474 ex
293 2405 451 2474 librorum
486 2407 738 2475 authenticorum
774 2405 931 2472 sententiis
967 2406 1019 2473 sed
1051 2418 1083 2474 st

91 2511 226 2598 externis
241 2510 353 2580 ritibus
368 2510 560 2580 oblationum
575 2511 793 2602 sacrificiisque
802 2533 884 2616 ¹erga
901 2497 1006 2576 Chin
1021 2510 1082 2600 spi·

89 2615 170 2682 ritus
192 2615 318 2682 diversis
340 2615 480 2704 quidem,
503 2637 622 2684 summa
644 2627 746 2685 umen
768 2637 889 2705 semper
909 2624 962 2690 (ut
983 2613 1082 2704 perci·
1189 2685 1193 2690 ,
1269 2653 1270 2656 ¹

87 2719 192 2810 pitur)
218 2719 315 2786 animi
344 2719 537 2802 sinceritate,
572 2719 653 2785 ritae
678 2717 857 2810 integritate
878 2717 1080 2809 corporisque

88 2823 362 2917 prostrationihus¹
380 2823 420 2888 ab
441 2823 630 2913 imperatore
651 2823 720 2914 ipso
743 2821 915 2914 puerisque
936 2821 1080 2914 principe

88 2919 282 3017 usurpandis.
326 2927 440 2992 Edem
464 2937 547 2992 certo
580 2938 744 3018 praecepta
775 2924 890 2995 hahent
923 2949 1079 2994 common-

89 3030 161 3095 terii
189 3031 265 3096 haec
292 3030 327 3098 in
357 3030 427 3098 loca
456 3031 494 3096 de
531 3029 619 3114 cultu
648 3041 680 3096 et
713 3030 752 3097 ds
781 3029 866 3095 cirili
903 3053 938 3098 ac
966 3029 1080 3098 morali

87 3134 215 3224 imperii
249 3132 425 3226 disciplina,
462 3159 648 3225 quacunque
683 3159 722 3200 ax
756 3132 964 3202 litteratorum
998 3147 1080 3236 secta
1147 3217 1148 3222 ἵ

85 3238 278 3329 prodierint,
311 3239 403 3304 etiam
430 3261 540 3306 corum
563 3238 619 3328 qui
639 3238 697 3304 suh
719 3237 828 3328 Song
849 3237 968 3306 familia
989 3240 1079 3332 regia

87 3343 288 3434 scripserunt.
323 3343 367 3410 At
387 3343 422 3408 in
442 3341 507 3408 illis
527 3342 651 3436 famosis
672 3341 889 3433 philosophiae
910 3341 980 3408 Sin
988 3343 1078 3435 g-ti-
1208 3375 1210 3382 ·

86 3457 296 3514 ta·tscuen
317 3446 495 3538 pandectis,
527 3471 563 3514 ea
590 3447 657 3537 ipss
685 3449 723 3514 ad
751 3445 912 3537 physicam
935 3447 1077 3533 trahurd,

84 3551 157 3628 ideo
179 3551 321 3619 atheismi
342 3577 362 3618 a
383 3549 490 3618 multis
511 3549 711 3618 missionariis
724 3551 866 3642 suspecti.
910 3551 1077 3643 Explicare
1139 3587 1159 3612 a

85 3655 239 3747 siquidem
260 3667 415 3724 conantur
434 3653 563 3747 physice
585 3656 692 3722 affecta
706 3655 739 3724 vi
757 3654 981 3726 sacrificiorum
996 3681 1077 3752 quae

83 3759 243 3856 interdurn
270 3763 351 3833 mira
377 3772 547 3833 narrantur
568 3769 709 3858 'euntque
739 3784 816 3858 prae
848 3761 976 3850 captaris
1002 3774 1075 3862 apta

848 3873 919 3946 29*
