2546 4274
558 116 834 188 -·tec›·-.

204 264 392 334 iteratusine
404 287 494 360 caesa
507 263 646 350 adducta,
661 267 771 334 iisdem
778 265 878 336 ferme
888 265 1060 338 formulis
1067 283 1221 340 recma

203 372 309 462 potius
339 373 476 439 indicant
504 382 664 438 auctorem
694 397 827 465 magnae
856 373 1085 466 loquacitatis
1131 377 1224 444 verb

205 499 337 568 sumque
359 476 532 570 garrulum.
578 490 613 554 5)
637 478 724 550 Quae
754 489 826 544 sunt
846 477 1005 546 Consucii
1038 480 1104 548 ita
1134 481 1223 548 eloco

203 581 294 650 brata
314 581 460 648 habemus
470 627 482 664 ,
512 593 548 648 ut
568 606 674 650 secum
696 583 783 649 omni
804 607 843 648 ex
874 588 978 674 parte
991 586 1222 654 consentiant

197 687 321 778 ¹ubique
342 689 448 754 eedem
469 697 515 751 est
531 687 867 770 doctrins,·constans,
889 687 1104 778 immutata3
1132 703 1171 757 ιι
1191 690 1224 756 bi

203 789 239 856 in
260 789 416 882 opusculis
437 814 551 884 magna
580 803 626 859 est
654 792 689 858 in
715 791 872 882 loquendo
899 815 937 859 ac
969 795 1172 862 sentiendo
1192 797 1223 860 in

205 895 374 962 constantia
408 895 445 960 de
483 899 548 962 non
575 896 684 987 paucis
713 895 880 986 capitibus,
917 893 963 964 its
993 909 1038 964 ut
1076 899 1221 966 cicutis

204 999 285 1090 stylo
313 999 502 1088 scriptorum
529 1023 644 1092 magna
683 1001 916 1084 dissimilitudo,
949 1001 996 1066 its
1029 1001 1077 1069 in
1115 1027 1219 1070 eoum

203 1125 297 1172 sensu
316 1101 450 1192 majores
479 1105 657 1172 animorum
684 1105 845 1185 varietates
867 1117 1061 1196 appareant.
1113 1108 1217 1174 Exere

202 1207 294 1300 plum
315 1209 404 1275 affert
431 1208 553 1278 celeber
580 1209 706 1276 criticus
736 1209 948 1278 inventionem
979 1211 1213 1300 symbolos-on

203 1311 388 1397 Psi-tous,
422 1339 501 1407 quse
530 1314 668 1382 refertur
696 1315 733 1381 ad
755 1313 899 1406 msp'pam
920 1313 1131 1396 fluviatilem
1154 1319 1211 1383 llo·

203 1429 290 1504 tou,
323 1421 361 1486 ed
388 1419 562 1488 fundatoris
591 1417 711 1485 Fo-hi
740 1419 974 1486 meditationem
1008 1432 1208 1516 naturaeque

205 1523 302 1614 tetius
325 1525 633 1618 contemplationem,
664 1525 769 1614 postea
796 1526 835 1589 sd
851 1521 994 1616 'herbam
1028 1525 1131 1594 Chi.
1171 1529 1205 1591 At

204 1627 285 1698 bene
307 1629 419 1698 multos
442 1630 515 1698 alias
536 1629 696 1696 varietates
717 1627 752 1694 in
773 1627 855 1696 notia
872 1627 986 1694 nostris
1003 1630 1202 1721 testibusque

207 1734 348 1826 legendis
369 1735 459 1803 facilc
482 1745 528 1800 est
547 1734 732 1815 observare,
755 1733 869 1823 quibus
890 1733 960 1798 ideo
984 1731 1045 1801 hic
1067 1757 1199 1827 superse

204 1841 321 1906 demus.
365 1839 409 1903 At
435 1861 500 1904 non
532 1837 644 1902 desunt
663 1835 815 1927 (inquies)
841 1837 896 1928 qui
915 1835 1030 1904 velint·
1043 1835 1196 1906 conciliari

62 2009 64 2017 ,
204 1966 294 2035 posse
316 1965 395 2032 quse
417 1961 561 2030 pugnero
581 1939 718 2008 invicem
738 1941 899 2024 ridentur,
931 1953 987 2008 aut
1015 1943 1134 2010 saltem
1158 1966 1193 2008 ιι

204 2046 306 2133 risse,
328 2047 361 2112 id
382 2044 508 2136 quidem
530 2055 698 2128 conantur,
728 2058 760 2114 at
781 2047 843 2114 suis
864 2045 1028 2114 conatibus
1051 2049 1086 2115 id
1107 2071 1191 2116 unum
1223 2054 1224 2124 l

205 2150 281 2220 viris
310 2149 419 2241 peritis
449 2149 582 2241 probant
617 2143 683 2218 nen
711 2175 819 2242 possa,
855 2174 935 2242 quac
964 2163 1011 2218 est
1041 2153 1190 2246 responsio

205 2255 343 2346 ejusdem
364 2254 512 2322 Doctcris
532 2255 571 2320 sd
592 2267 852 2346 praeoccupatam
873 2253 960 2322 ultro
981 2256 1187 2346 objectiones

206 2367 243 2440 Is)
264 2361 379 2436 Nullus
409 2372 455 2428 cst
484 2359 533 2427 his
560 2357 722 2451 opusculis
747 2361 841 2445 ordo,
872 2359 962 2428 nulla
987 2360 1073 2428 inter
1099 2375 1185 2455 parce

206 2466 379 2548 connexio,
417 2464 504 2532 nulls
538 2463 573 2530 in
601 2465 746 2531 tradenda
784 2464 924 2532 doctrina
959 2478 1185 2558 praeceptorum

106 2576 111 2590 ⁴
207 2571 370 2640 continens
391 2570 494 2634 series.
539 2569 718 2638 Perturbetc
740 2580 771 2636 et
792 2569 919 2636 confuse
940 2570 1099 2660 scripsisse
1119 2574 1184 2640 cce
1223 2604 1224 2634 t

205 2674 328 2742 focium
356 2673 458 2738 dicere
487 2671 626 2764 quisquis
655 2675 763 2756 audet,
796 2673 822 2740 is
850 2673 911 2750 (sit
931 2671 1009 2740 alter
1029 2675 1181 2768 interpres)
1223 2671 1224 2720 l

208 2779 361 2846 absurdus
383 2789 436 2844 aut
456 2777 654 2870 prodigiosus
676 2778 772 2844 home
793 2789 847 2846 est.
868 2779 989 2869 Negas-i
1010 2791 1111 2848 tamen
1130 2804 1181 2847 nm

206 2893 308 2978 potest
338 2881 526 2950 inordinatio
555 2907 617 2974 qua
642 2884 794 2972 majorem
824 2883 878 2951 rix
906 2882 976 2950 aliis
1004 2883 1038 2949 in
1058 2883 1180 2976 phileto

207 2989 345 3084 phorum
373 2987 462 3054 libris
491 2987 631 3079 reperire
652 3000 718 3072 est,
747 3013 821 3062 cum
849 2987 1029 3080 praesertim
1048 2988 1179 3056 nullasit

101 3109 104 3116 ’
130 3084 134 3096 ’
190 3118 300 3179 ¹causa
330 3093 488 3167 deserendi
518 3091 634 3160 ordinis
667 3093 816 3160 naturalis
838 3092 1073 3176 emblematum,
1098 3117 1178 3185 quen

206 3213 238 3268 et
256 3201 389 3268 Ouen·
403 3222 539 3289 ouang
560 3198 595 3264 in
615 3196 786 3291 allegandis
805 3199 1008 3266 sententiis-et
1025 3197 1177 3266 Conlircius

206 3307 242 3374 in
252 3302 430 3374 indubitatis
449 3303 677 3372 commentariis
688 3303 801 3372 Teon
816 3315 847 3370 et
862 3299 1087 3395 Siangseusti
1100 3314 1175 3389 sunt3

207 3424 275 3480 erat
295 3423 381 3480 certe
410 3407 533 3476 auctori
560 3407 722 3501 integrum
751 3431 817 3476 non
837 3407 986 3476 inchoare
1007 3431 1075 3499 quas
1093 3407 1175 3474 refert

207 3545 275 3610 cap·
300 3531 318 3594 7
342 3516 437 3604 hujus
458 3525 539 3606 part.
561 3511 840 3604 epiphonematum
862 3511 1059 3605 expositiones
1073 3537 1089 3580 a
1104 3535 1173 3578 saxa
1223 3535 1224 3567 ι

209 3623 329 3718 gesimo
351 3621 486 3688 seeundo
507 3618 689 3688 emblemate
710 3617 782 3686 inde
804 3620 842 3685 ad
865 3631 924 3704 15,
952 3627 1009 3699 15,
1030 3627 1075 3690 lt·
1102 3617 1171 3684 llinc

210 3727 336 3826 regredi
364 3727 405 3798 sd
430 3737 474 3802 eo
500 3735 559 3793 etc.
586 3734 644 3793 etc.
664 3734 723 3792 etc.
765 3723 887 3820 ecqud
907 3719 1065 3794 coeluum
1085 3721 1169 3816 magis

1223 4175 1224 4186 t

1223 4205 1224 4216 t

1223 4225 1224 4232 t

1222 4237 1224 4244 ι
