2534 4280
559 163 729 226 -200
796 151 869 210 ·-'

134 311 137 316 ’
204 337 277 378 cum
298 313 414 404 quibus
435 309 630 392 dimicatiol'
611 311 693 395 luit,
721 312 815 404 idque
837 335 896 380 nec
916 313 1136 418 magnanimi
1159 339 1238 379 nes

103 433 107 454 ¹
202 419 373 508 prudentis
386 416 538 514 principia
559 439 625 484 aare
647 441 711 508 quo
732 415 815 495 nihil
837 416 969 508 dignius
987 402 1210 540 placabilitate

160 524 165 552 ¹
203 521 367 612 cordisque
399 519 611 609 amplitudine.
656 521 758 586 Offert
787 521 1007 612 exemplum'
993 523 1114 612 ipsius
1146 525 1238 600 Oa
1237 545 1238 576 ι

203 649 344 717 ouang.
389 624 415 688 le
450 623 575 690 ulturus
604 625 761 691 sac'vitiarn
791 623 994 720 imperatoris
1025 625 1209 694 Tcheou

202 729 313 796 evertit
345 725 511 816 quidem
502 729 599 820 ipsius
632 727 785 810 solium,
799 741 831 794 at
860 727 1079 796 nihilominus
1118 731 1209 798 ιιιίιιιι

201 821 377 900 facilitatem
399 830 596 924 amplumque
618 817 844 924 benignitatem
865 833 1039 898 reservavit
1063 835 1112 902 ad
1143 835 1209 900 reli·

64 998 66 1010 ,
201 959 280 1030 quos
301 935 529 1001 adversarios'
520 960 686 1028 ipsumque
709 935 814 1000 lilium
833 936 912 1001 Ou-
919 935 995 1000 ken
1020 961 1151 1026 quem,
1179 950 1208 1002 ul

104 1049 144 1124 ,¹
202 1041 318 1106 dicbun
346 1051 407 1122 est,
440 1031 574 1105 dictione
600 1035 767 1130 regulique
795 1037 890 1106 titulo
923 1039 1077 1126 donavit3
1127 1045 1206 1133 quod

200 1143 314 1209 dicitur
328 1142 361 1208 in
377 1143 802 1210 commentarioConsuciano
824 1145 949 1225 Tuan,
971 1148 1206 1231 convenire

200 1248 311 1332 inter
332 1249 545 1314 meridiem
568 1260 604 1314 et
626 1249 906 1330 occidentem,
928 1248 1042 1328 idest,
1065 1255 1205 1317 eundo

199 1339 390 1418 obtinere
412 1352 600 1446 populos
634 1351 747 1416 referri
769 1349 907 1442 quidem
915 1351 1019 1442 potuit
1042 1351 1087 1418 ab
1112 1355 1238 1422 inter-
1237 1409 1238 1470 l

77 1483 78 1488 ¹
197 1457 338 1576 pratibus
360 1457 397 1522 ad
420 1455 500 1550 Οιι-
487 1479 660 1546 -ouang,
682 1457 771 1546 cujus
793 1455 864 1540 aula
885 1457 1056 1524 constituta
1077 1458 1150 1526 suit
1169 1463 1202 1526 ad
1237 1467 1238 1520 l

197 1562 363 1656 regionem
385 1585 495 1654 quae
483 1561 521 1625 ab
543 1561 622 1626 urbs
644 1559 701 1625 Si·
691 1585 805 1662 -gsn
793 1559 881 1642 fou
900 1584 985 1625 nunc
1001 1563 1199 1630 nominatur.

82 1727 92 1738 ‚
197 1667 251 1732 Est
274 1666 428 1756 siquidem
449 1661 534 1727 illa
525 1689 558 1726 an
567 1675 668 1754 parta
690 1648 904 1730 occidentali'
895 1665 1025 1756 imperii
1048 1669 1089 1734 ad
1112 1670 1200 1734 meri

83 1785 87 1794 “
170 1771 279 1838 diem
301 1771 485 1838 declinante.
520 1769 652 1835 Videtur
667 1781 770 1834 tamen
782 1769 881 1860 aptius
893 1769 1021 1834 cadere
1011 1795 1048 1836 ιιι
1072 1771 1197 1838 Ouen-

197 1900 296 1942 ouan
304 1901 327 1966 g
354 1872 405 1937 vel
431 1873 536 1961 potius
569 1873 602 1938 in
624 1873 707 1938 illius
729 1885 854 1946 atavum
877 1885 1079 1966 caeterosque
1105 1881 1197 1966 majo·

197 2003 262 2060 res,
297 1977 352 2068 qui
374 1975 514 2066 primurn
536 1977 668 2068 exiguae
691 1989 811 2043 tantum
833 1977 975 2068 regionis
997 1977 1032 2042 in
1055 1983 1195 2048 occiden—
1237 1985 1238 1990 ’

193 2081 250 2148 tali
273 2079 453 2170 provinciae
475 2081 637 2148 Chen-si
663 2081 761 2146 limite
790 2083 934 2172 dynastae
957 2107 1030 2148 curn
1053 2097 1122 2150 tota
1143 2111 1193 2152 sua

196 2196 291 2276 ganta
312 2185 453 2278 aggressi
476 2187 633 2263 sensiles
656 2197 687 2254 ct
698 2198 912 2278 pervenerunt
928 2185 963 2252 in
979 2198 1097 2269 terram
1114 2191 1191 2272 sia,

196 2315 280 2360 nunc
311 2291 404 2356 Pin·
427 2289 590 2372 tcheau,
627 2289 674 2358 uti
709 2289 898 2380 caniturqin
918 2291 986 2356 odis
1007 2291 1085 2357 libri
1112 2295 1190 2361 Chi·
1230 2317 1235 2330 ·

195 2395 291 2486 king
312 2407 342 2462 at
364 2407 436 2485 post
457 2396 577 2486 aliquot
604 2392 727 2465 saecula
748 2392 881 2460 ulterius
902 2395 1067 2485 progressi
1089 2399 1189 2464 aulam
1237 2389 1238 2406 ¹

72 2541 75 2550 ,
142 2571 146 2581 ¹
195 2499 290 2566 fiiero
318 2501 355 2566 ad
383 2497 568 2581 lii-chan,
603 2499 657 2566 ubi
690 2521 775 2569 nunc
809 2495 929 2567 ,visiun
963 2497 1042 2566 urbs
1072 2501 1186 2590 Fung-

196 2601 423 2693 tsiang-sou.

583 2775 810 2816 thtOssttfflfflSss

268 2892 298 2946 1]
318 2879 466 2937 Tonitru
485 2881 518 2963 in
538 2883 690 2959 pluviam
709 2880 791 2948 solvi,
809 2873 851 2938 'ait
866 2883 1034 2950 consocius,
1049 2885 1183 2960 incipiens

195 2972 309 3036 ¹videtur
326 2971 356 3025 in
375 2973 428 3027 hae
449 2970 542 3045 ligura
558 2969 632 3026 dicta
650 2969 735 3028 Hiai.
761 2967 857 3049 'Quod
873 2973 983 3048 sapiens
998 2967 1182 3048 'non'eernper

120 3113 147 3136 „.
196 3061 358 3118 inardescat
381 3060 418 3116 ad
445 3054 647 3116 excedentium.
662 3061 891 3134 punitionem,
924 3075 994 3118 non
1015 3061 1180 3120 i‘deoault

195 3167 358 3206 creseere
375 3147 489 3204 eoroin
508 3146 662 3222 peccata.
699 3145 767 3206 Vs'alt
785 3153 891 3224 ulum
911 3150 1075 3220 stauratii,
1094 3152 1179 3210 cardia

195 3237 380 3312 amplitudine
408 3237 471 3297 ittae
495 3257 513 3294 a
530 3237 699 3312 periculosis
717 3193 975 3315 exacerbatidnilaea
993 3257 1129 3307 revocare
1144 3241 1179 3296 ad

197 3329 309 3404 quietae
328 3325 486 3384 securitatis
503 3327 643 3389 serendae
662 3329 794 3408 studium.
814 3331 920 3386 Verum
928 3329 1054 3412 :mattiae
1071 3347 1177 3403 magnos
1237 3369 1238 3402 q

195 3417 353 3472 existimant
377 3415 400 3470 ai
428 3417 515 3470 multa
545 3427 675 3472 moveant
701 3411 745 3500 et¹
753 3438 782 3472 se
792 3419 914 3501 cuique
937 3417 981 3474 rci
1002 3403 1175 3490 isnmiscsanl.
1237 3429 1238 3448 ι

195 3506 276 3561 Stare
295 3499 430 3561 nesciunt
445 3503 476 3559 in
502 3505 567 3559 loco
586 3520 670 3601 quesn
689 3490 797 3560 natura
808 3517 857 3562 aut
875 3525 935 3560 sors
954 3503 1077 3578 quietum
1095 3485 1173 3559 dedit.

195 3593 249 3650 Vix
273 3591 419 3666 intellige,
447 3581 623 3668 inquiebat
617 3590 666 3650 aad
692 3593 820 3668 temp'o'ra
842 3588 1014 3664 confused,
1044 3583 1174 3670 quemodo

194 3681 242 3737 liat
258 3692 290 3737 ut
303 3681 554 3758 Ἰιοιιιίιιιιοιιιιιι
573 3691 632 3736 tam
649 3682 745 3757 ignara
763 3684 825 3740 nint
842 3693 899 3738 taes
912 3681 1050 3754 acrisius
1062 3685 1118 3738 aaa
1134 3701 1173 3738 ex·

194 3770 282 3847 pediti
292 3769 328 3828 dd
338 3788 525 3848 quaeeunque
531 3773 816 3848 tractandumque,
828 3774 860 3838 a'i
874 3783 967 3836 tanen
980 3769 1172 3838 illia'aseditsr.
