2376 4284
532 254 573 270 ·-
640 221 703 300 5βὰ
769 251 810 266 -

121 419 126 433 ι
175 377 231 444 tur
252 377 344 444 multi
355 375 502 468 perversi,
524 387 592 439 tum
604 371 813 464 caligantibus
828 383 951 438 utentes
965 374 1074 457 oculis,
1095 388 1173 444 tum

155 481 388 573 ‚inaequalibus
417 479 467 546 rel
487 477 694 544 micantibus
722 477 898 544 incedentes
926 479 1080 546 cruribus.
1129 487 1174 548 Ar

178 587 233 653 ubi
254 585 375 676 tigridis
396 585 524 650 crudem
543 605 686 675 premere
708 581 833 674 ceperit,
855 581 961 648 metm
974 581 1173 655 mor-debitur

176 687 662 783 pensiciemqueeocersetsibiet
679 687 760 752 suis
777 689 920 773 utpot'e
936 687 1171 758 imbecillis.

261 979 332 1045 Nou
360 977 394 1044 in
421 1001 458 1044 ec
490 977 601 1044 emicet
621 977 695 1044 novi
715 977 914 1068 imperatoris
935 977 1055 1062 virtus,
1084 979 1170 1070 qerul

176 1083 213 1148 nt
235 1080 347 1146 solium
360 1080 496 1150 *vocatus
518 1083 573 1163 sit,
603 1082 636 1146 id
657 1081 741 1148 enim
762 1081 813 1148 vel
835 1083 993 1172 gregoriis
1016 1083 1169 1148 militibus

175 1209 241 1250 non
262 1185 357 1254 semel
377 1187 526 1277 contigit,
557 1187 620 1252 imo
642 1211 707 1252 non
726 1210 792 1252 unc
822 1186 855 1250 in
878 1185 950 1250 loco
973 1186 1095 1274 ultimis
1113 1187 1165 1252 bis

174 1291 279 1372 ennis,
296 1290 515 1358 rebellantibus
530 1303 637 1356 contre
660 1291 818 1356 crudelem
838 1289 1009 1356 'Fcheou
1029 1291 1165 1382 populis,

174 1394 312 1484 preefixo
334 1395 394 1461 sibi
416 1372 559 1486 quolibet
575 1395 652 1460 duce
675 1417 712 1460 ex
733 1393 944 1460 bellatoribus.
991 1395 1083 1460 Sed
1074 1421 1106 1460 ιιι
1126 1419 1164 1460 eo

10 1555 12 1565 .
64 1511 68 1519 “
173 1497 334 1564 leudsbilis
356 1510 388 1566 et
408 1499 555 1565 encomiis
576 1497 774 1581 celebrande,
798 1511 865 1564 mm
887 1501 974 1590 quod
995 1500 1165 1590 imperetur

173 1601 288 1669 electus
317 1603 412 1669 fuerit
427 1603 811 1675 ¹communi-comitiorum
840 1626 1007 1686 consessu,
1041 1603 1161 1696 optimis

174 1707 349 1802 quibusque
371 1709 468 1774 enimi
488 1707 612 1800 generis
635 1707 795 1803 nobilitate
817 1707 997 1772 clarissimis
1013 1709 1062 1772 ‘erl
1085 1707 1163 1772 benc

174 1799 358 1878 electionem
379 1813 650 1895 concurrentibus,
680 1824 747 1878 tum
774 1811 858 1901 quod
886 1833 922 1876 ee
944 1811 1107 1904 segecitete
1126 1835 1161 1876 sc

173 1913 356 1982 sortimdine
378 1941 445 1982 rem
466 1915 510 1988 iu
530 1940 695 2007 eggressus
717 1917 772 1998 eit,
795 1917 838 1982 ite
859 1929 1023 1999 executus,
1046 1929 1081 1982 ut
1105 1941 1162 1980 uec

136 2013 138 2022 ’
173 2017 392 2108 ipsius'domus
414 2045 471 2086 nec
487 2023 663 2111 adjutorum
684 2019 771 2112 plebs
792 2019 970 2117 necVSinice
991 2020 1157 2112 respublica

173 2121 313 2189 funditus
333 2125 527 2214 pessumdato
547 2123 597 2192 vel
621 2125 654 2189 in
682 2136 783 2214 portes
804 2123 937 2190 lncerete
957 2123 1069 2206 fuerit,
1092 2123 1157 2186 imo

124 2241 128 2262 '
174 2239 231 2294 stet
259 2229 352 2320 que‘m
383 2241 472 2295 entes
494 2227 616 2294 firmior
643 2241 678 2314 et
698 2229 732 2294 in
754 2229 817 2294 dies
838 2228 961 2294 felicius
984 2229 1157 2294 efflorescat.

259 2359 424 2428 Creterum
445 2359 602 2426 strabones
624 2358 672 2424 illi
688 2359 863 2456 claudique,
886 2359 991 2451 qualis
1013 2359 1073 2424 dici
1095 2381 1158 2447 pos-

175 2475 247 2530 sunt
268 2467 442 2553 edjumente
471 2465 506 2528 in
533 2463 673 2530 seditiosu
695 2465 786 2528 etiem
808 2460 982 2528 electione?
1021 2463 1159 2528 Strebo

174 2579 231 2632 est
253 2569 374 2658 (inquit
395 2567 565 2633 Confucius
587 2570 623 2634 «id
645 2567 735 2633 hunc
750 2567 873 2652 locum)
903 2569 969 2659 qui
991 2568 1157 2658 coligen-

176 2673 230 2736 tie
261 2669 379 2737 hebet
409 2671 573 2737 lumine.
618 2673 738 2738 Videt
770 2673 943 2770 quidem,
988 2674 1057 2737 sed
1087 2695 1160 2735 non

175 2775 276 2840 clere
309 2776 347 2840 id
375 2775 510 2842 iecere
533 2788 668 2866 potest
712 2777 786 2850 Qui
816 2776 949 2848 clendi
980 2787 1073 2847 sunt
1100 2787 1161 2838 sut

151 2955 154 2964 Ι
176 2877 358 2944 cruribus
381 2881 573 2962 verleent,
595 2880 788 2946 incedunt
809 2881 976 2969 quidem,
1000 2883 1159 2946 sednon

174 2984 251 3064 diu,
274 2995 311 3048 ut
331 2983 466 3074 explicet
486 2985 757 3075 Tching·tse
748 3009 782 3049 ιιι
804 2985 1037 3050 Commentario
1053 2985 1157 3074 Regio.

175 3089 402 3168 Mordetnr‚
435 3091 535 3178 quod
568 3090 715 3154 melum
745 3101 812 3154 eut
843 3089 1062 3180 pessimum
1094 3089 1185 3165 est*

175 3193 516 3284 nempcdig'nitetis
540 3197 667 3260 sedem
690 3219 767 3258 non
789 3193 1161 3294 estedeptus,obnox·-

175 3297 286 3387 iusque
315 3298 487 3387 proinde'
477 3325 539 3388 Jern
571 3299 715 3364 omnibus
743 3299 852 3388 poenis
880 3321 915 3361 nc
945 3289 1185 3382 οιὶιιιιὶιιῑὶΙιιιιι

175 3425 255 3489 quoe
277 3415 402 3468 manent
423 3404 597 3472 affectantes
619 3401 837 3468 infeliciter
808 3427 889 3467 reem
909 3403 945 3466 etl
965 3401 1085 3466 solium.
1110 3401 1159 3462 Vc
1184 3383 1185 3434 l

176 3530 247 3570 mm
270 3506 411 3596 quisnam
426 3519 527 3598 potest
549 3507 665 3598 sperari
687 3529 819 3596 prosper
811 3502 956 3572 weitos?
978 3505 1013 3570 Si
1035 3503 1158 3569 ministri

175 3622 205 3674 et
228 3611 356 3675 esseclee
378 3612 440 3678 sint
459 3611 545 3677 velut
567 3611 770 3677 strabones
793 3621 823 3678 et
846 3609 999 3678 cleusli
1022 3607 1148 3674 nibil
1122 3635 1158 3672 ιι
1184 3647 1185 3682 ι

58 3773 62 3790 ,
120 3757 123 3766 ·
176 3715 279 3780 dentes
298 3715 384 3798 cleri,
406 3715 573 3807 perspicui,
596 3717 704 3782 obtuse
719 3715 844 3806 ubique
859 3682 1025 3778 oculorum
1047 3713 1160 3777 mentis·

176 3843 237 3908 que
258 3820 342 3900 scie,
373 3819 503 3884 nullis
525 3819 608 3884 fere
629 3821 810 3886 valentes
832 3817 1012 3900 viribus,
1046 3818 1157 3894 debiles

1069 4064 1078 4121 ι
