2404 4288
524 279 806 340 *292*

170 427 344 498 rationibus
361 395 474 494 nostris
492 391 580 514 saepe¹
598 387 753 518 attingere
770 449 893 492 necessa
910 426 981 492 fuit.
1027 425 1112 492 Hoc
1135 427 1185 492 ita

170 556 232 626 quc
249 533 320 600 looo
339 533 411 598 satis
428 529 524 596 suerit
544 541 706 598 annotasse
725 531 757 597 id
779 530 893 612 sobun,
914 532 999 622 qood
1020 531 1054 596 in
1083 531 1185 596 oonsi

174 638 226 704 tiis
246 638 474 724 Ou-ousng
498 657 659 728 perorasse
683 645 830 702 uenatus
856 634 889 700 in
917 631 1178 726 Chen-king

171 739 300 821 seilicet,
321 737 513 828 inpediri-ae
532 736 688 827 religione
707 737 877 828 quominus
894 738 933 804 ab
952 738 1083 826 incepto
1103 741 1185 804 desi·

171 855 239 910 stat.
283 840 441 924 Familiae,
462 841 576 934 inquit,
598 839 738 934 Chang
756 841 888 930 peccatis
902 841 1052 908 cumulus
1073 867 1185 908 acces

175 949 227 1014 sit.
269 944 409 1012 Goeleate
429 945 606 1011 mandatum
628 957 691 1028 est,
709 957 746 1012 ut
767 945 925 1034 puniatur.
969 945 1005 1012 Si
1023 969 1115 1036 ergo
1139 946 1185 1009 itti

170 1074 238 1118 non
264 1049 535 1138 obtemperavero,
556 1072 662 1118 meurn
684 1060 842 1137 peccatum
861 1071 959 1140 aeque
972 1073 1088 1140 grave
1110 1051 1185 1114 erit

169 1157 239 1222 Hoc
265 1154 390 1244 itaquo
403 1153 548 1220 mandato
573 1177 612 1225 ex
638 1153 728 1219 nevis
750 1151 922 1244 prodigiis,
950 1163 1032 1244 quae
1054 1153 1185 1218 ibidem

94 1267 130 1304 ·,
169 1259 278 1364 refert,
306 1279 416 1324 rursus
437 1257 582 1350 cognito,
604 1267 801 1348 argentoque
829 1258 872 1322 ob
899 1280 995 1324 novas
1017 1258 1183 1336 saevitias,

169 1375 319 1453 tanquam
345 1361 545 1428 fundamento
576 1359 675 1426 solido
701 1361 762 1426 niti
789 1383 821 1450 se
842 1361 911 1426 ad
901 1363 1075 1455 imperium
1101 1387 1183 1426 curn

168 1465 433 1558 proficisceretu,
454 1464 537 1532 nihil
557 1464 685 1546 mirum,
706 1463 733 1531 si
755 1445 851 1530 finem
869 1466 994 1556 negotii
1010 1467 1180 1556 optimum

116 1637 120 1665 Ι,
167 1596 204 1638 ac
226 1571 442 1638 felicissimum
462 1568 539 1634 belli
560 1567 680 1636 exitum
700 1569 817 1661 (qualis
838 1593 948 1637 revera
969 1570 1059 1654 suit)
1068 1571 1179 1636 omni-

167 1677 227 1742 bus
249 1675 408 1765 pollicitus
430 1673 479 1739 sit.
1103 1701 1106 1706 ,

255 1781 328 1852 Quo
340 1789 344 1793 “
356 1777 515 1870 promisso
541 1777 695 1858 icterias
715 1778 957 1873 assequebatur,
993 1789 1029 1844 ut
1050 1799 1175 1869 paucos

169 1883 251 1966 illos,
275 1905 353 1974 quos
376 1887 429 1966 (ut
442 1881 683 1972 ¹praeteriebant)
704 1881 804 1948 officii
824 1883 904 1948 ratio
926 1905 1097 1972 suspensos
1119 1909 1171 1946 an·

171 1988 343 2078 cipitesque
366 1985 508 2068 babebat,
529 1985 669 2052 coelestis
691 1986 826 2051 mandati
846 1987 974 2052 nomine
997 1987 1035 2052 ad
1051 2010 1087 2052 se
1106 1987 1168 2078 pet-

168 2091 288 2174 liceret,
318 2102 350 2156 et
378 2091 435 2181 qui
464 2102 551 2156 metu
578 2089 683 2180 aliquo
706 2085 958 2156 absterrebantur
978 2090 1098 2180 injecta
1118 2113 1164 2154 eo

100 2239 122 2255 .·
170 2221 247 2280 runi
265 2195 376 2262 anisnis
397 2219 463 2260 non
484 2193 578 2260 dubia
598 2217 653 2286 sps
675 2194 821 2286 erigeret.
863 2197 971 2285 Neque
993 2195 1082 2260 onim
1104 2219 1165 2258 orn·

136 2365 141 2372 ,
165 2291 225 2366 ¹nia
246 2309 368 2366 terrore
390 2311 445 2366 aut
466 2299 711 2392 armis-agenda,
734 2299 787 2366 aed
808 2298 1057 2381 invitationibus,
1080 2323 1166 2390 prse-

75 2451 77 2456 -
167 2404 250 2490 miis,
273 2399 424 2496 opinione
444 2403 608 2498 religionis
630 2403 738 2470 multa.

554 2558 772 2617 innormans.

238 2682 441 2762 Quaeritur-in
459 2683 681 2756 commentariis,
709 2701 829 2759 quanm
847 2684 956 2740 ratione
977 2683 1007 2740 in
1032 2685 1183 2750 vir-turen„

166 2771 271 2845 Yeng‚
290 2789 361 2846 quse
380 2781 480 2826 natura
498 2788 547 2826 sua
565 2771 645 2826 tortis
662 2781 712 2844 est,
731 2774 831 2829 cadara
849 2773 958 2847 possint
975 2773 1044 2828 haee
1062 2776 1160 2830 verba:
1182 2767 1183 2778 ¹

166 2861 245 2915 litem
264 2877 320 2914 non
339 2859 456 2933 evincit,
475 2870 523 2915 aut
541 2859 617 2936 quod
634 2859 731 2916 eodem
749 2862 866 2936 recidit,
885 2862 1022 2917 intentum
1041 2881 1099 2918 non
1119 2863 1160 2918 ob·

165 2949 244 3004 tinet.
282 2947 414 3025 Quaestio
432 2957 474 3004 est
491 2950 606 3005 omnino
623 2951 659 3006 ad
676 2969 750 3022 resa,
777 2969 842 3006 nam
864 2949 1056 3008 efficacitatem
1077 2953 1161 3008 senna

166 3053 275 3094 ornnem
293 3038 420 3094 tribuunt
437 3037 480 3093 ini
495 3055 546 3093 suo
563 3039 706 3124 principio
725 3041 833 3114 Yang.
860 3041 973 3096 Abhoc
991 3043 1160 3115 respondent
1181 3057 1182 3116 ᾗ

165 3125 294 3201 plerique
316 3127 495 3200 interpretes,
523 3127 566 3183 his
588 3129 706 3202 exprimi
732 3145 795 3182 curn
817 3128 928 3184 virtutis
952 3129 1089 3203 padum,
1114 3127 1157 3203 qui

167 3215 212 3270 rei
230 3214 416 3288 perficiendae
433 3226 483 3270 ant
500 3217 599 3272 virtn'ti
618 3219 666 3274 Yn
691 3217 768 3272 orani
779 3225 900 3290 exparte
917 3217 1075 3275 vincendae
1094 3231 1155 3274 tunc

166 3303 259 3376 impar
285 3313 340 3374 est,
369 3304 591 3381 exprimiturque
613 3307 731 3380 symboli
750 3305 837 3361 ttien
864 3305 939 3362 linea
957 3306 1067 3380 infima,
1092 3325 1181 3384 qnae¹

78 3441 84 3454 ,
169 3402 262 3446 tamen
282 3392 311 3447 in
330 3395 486 3450 emblemata
505 3405 547 3452 ast
570 3405 679 3470 quarta.
716 3396 894 3474 Quapropter
918 3407 1018 3470 quarta
1044 3399 1112 3452 hacc
1130 3395 1156 3448 li-

166 3497 229 3552 nsa‚
239 3481 382 3536 concludit
392 3483 491 3537 doctor
501 3481 777 3556 Yang·tse-bien‚
788 3485 936 3539 adumbret
949 3483 1062 3542 initium
1077 3487 1155 3542 victo-

167 3568 228 3624 riae
245 3571 342 3643 sotum,
361 3589 417 3646 qno
436 3582 561 3645 ternpore
578 3590 635 3628 non
654 3573 740 3645 vinci,
758 3591 890 3648 magnum
909 3585 957 3629 est.
1069 3594 1073 3602 ¹

560 3789 769 3804 Ἤ
