2436 4294
374 275 422 291 -
493 242 555 309 15⁵
622 274 661 290 ·-

29 399 99 462 iride
119 397 221 464 eveno
244 407 275 462 ut
297 395 406 462 babiti
436 395 502 466 rint
530 407 676 486 tanquam
695 392 841 484 discipuli
864 341 1038 486 coifiroii„

31 503 218 592 litterataque
233 502 399 592 posteritas
423 499 606 578 collustrata
626 500 665 566 sit
685 523 721 564 ac
742 499 862 564 erudite
884 495 1020 588 praecla-

36 605 82 670 ris
101 605 198 696 operis
214 604 497 672 Tchun-tsiou
518 603 687 686 sensibus‚“
707 615 770 670 tres
792 626 872 694 ergo
895 599 944 665 illi
958 600 1020 665 dici

43 722 194 796 potnerunt
209 733 226 775 a
242 709 413 778 nonnullis
439 707 596 800 discipuli,
618 709 669 773 sed
690 731 727 772 eo
748 707 851 774 solum
873 729 978 772 sensu

124 835 160 898 At
185 857 330 900 rerumne
371 844 424 898 est
452 831 640 922 magistrum
668 826 838 896 Tse-chi
866 815 1021 917 adjuvisse
1057 856 1061 886 1

49 935 209 1003 comm
227 938 261 1002 in
280 961 385 1030 opere
407 929 709 1004 Tchun·.tsiou?
734 931 1021 1024 „ldtaitLeou-

51 1053 113 1116 tse)
131 1043 266 1107 traditum
292 1053 341 1108 est
370 1067 392 1107 s
416 1039 574 1129 prioribus
596 1037 812 1127 scriptoribus,
843 1037 916 1103 licet
937 1035 1020 1128 inter

49 1143 107 1210 ilios
129 1171 192 1219 non
218 1147 377 1212 memet
408 1147 448 1210 de
478 1143 609 1235 singulis
636 1142 921 1209 circumstantiis«-
941 1139 1019 1206 lnde

49 1249 128 1314 obem
147 1249 281 1340 optimam
300 1249 457 1316 insertmt
478 1247 663 1316 celebriores
690 1246 875 1338 interpretes
897 1267 1022 1310 musam

50 1353 220 1443 prreiermdi
242 1355 362 1424 librum
397 1351 541 1444 magistri
569 1351 740 1420 Tso-chi
766 1349 855 1417 libris
883 1349 1020 1438 Rong·

51 1447 463 1550 pangetiioudeang:
495 1457 547 1522 cui
578 1457 702 1524 aliunde
731 1457 920 1546 suffragatur
947 1475 1020 1518 con·

51 1571 124 1625 stans
139 1561 336 1630 iittsntorum
359 1585 459 1644 usus,
481 1573 517 1627 ut
537 1559 655 1628 dictum
675 1572 729 1642 est,
761 1559 925 1648 majorque
947 1551 1023 1620 aisti·

52 1665 154 1754 quitatis
172 1669 275 1736 notitia
298 1693 338 1734 ac
364 1665 550 1734 distinctior.
593 1663 783 1741 „Tse-chi
804 1659 1023 1741 (aitTchou·

52 1778 103 1832 tre
117 1770 143 1836 in
158 1785 323 1840 comment.
342 1770 510 1837 Tchun·
519 1771 625 1838 tsiou
644 1767 847 1860 prolegom.)
857 1765 960 1856 potuit
976 1763 1023 1827 vi·

51 1873 108 1938 dere
121 1900 288 1970 regnotum
310 1873 480 1958 historias,
507 1887 598 1966 atque
620 1875 694 1940 adeo
716 1871 893 1939 examinaro
915 1867 1022 1934 omnia
1113 1894 1119 1906 ·

47 1977 160 2066 postue.
214 1983 345 2048 Contra
373 1979 514 2068 iiong·
502 2003 634 2071 ·yang
665 1989 696 2043 et
725 1977 834 2044 Hou·
843 1973 966 2062 ieang
995 1969 1022 2036 si
1056 1977 1062 1992 ⁸

46 2105 95 2146 non
109 2095 279 2174 potuerunt
300 2083 413 2150 videre
426 2105 599 2176 regnorum
617 2080 771 2164 historias,
794 2071 950 2172 quomodo
966 2097 1023 2168 po·

44 2197 146 2256 norunt
171 2187 356 2279 perfectam
382 2181 507 2252 illorum
535 2185 706 2276 doctrinam
733 2185 849 2252 habere
879 2181 1021 2272 explora·

44 2287 131 2356 onte
164 2295 283 2384 Jejuno
318 2290 471 2408 siquidem
497 2303 553 2374 est,
584 2291 689 2382 itaque
720 2289 844 2354 concisa
875 2283 1023 2352 Consucii

45 2395 167 2480 curatio,
189 2407 307 2514 utpote
327 2395 482 2484 scriptaad
493 2397 622 2462 modum
633 2389 853 2472 factorumm
864 2387 1023 2453 Tehun

47 2499 150 2583 tsine,
175 2512 214 2566 ut
236 2500 275 2563 in
299 2521 364 2588 quo
386 2511 437 2566 aut
456 2499 650 2588 vituperium
671 2497 900 2584 horroremque
922 2501 1023 2606 poste·

47 2601 120 2666 citetis
139 2593 194 2669 au't
217 2601 348 2668 laudem
370 2628 403 2668 ac
423 2603 638 2684 imitationem,
659 2611 849 2682 mereantur,
874 2597 928 2663 vix
950 2581 1022 2660 sciri

49 2707 129 2790 pouit,
150 2707 175 2772 si
198 2705 396 2796 ignoranbsr
417 2707 665 2774 circumstantiae
687 2703 863 2785 historicae,
887 2725 961 2792 quas
974 2723 1020 2766 so·
1107 2723 1110 2731 ’

51 2805 261 2902 insigillatim
286 2809 377 2878 habet
395 2811 576 2880 Teo-chi.
620 2812 664 2876 lta
684 2809 825 2900 profecto
848 2813 953 2884 est1).
985 2805 1020 2871 Si

52 2909 193 2981 Tse-chi
222 2939 298 2980 non
323 2917 444 3010 attingit
471 2915 535 2984 nisi
563 2913 778 3008 superficiem,
805 2923 841 2978 ut
861 2933 1019 2996 nonnemo

54 3015 125 3084 refert
147 3045 188 3086 ex
215 3017 458 3112 Tchcng-li,
485 3031 611 3110 auctora
642 3019 777 3111 quodam
807 3015 962 3104 obs'cur03
994 3017 1021 3084 si

56 3113 126 3186 hebet
137 3148 246 3213 prava,
265 3127 345 3214 quod
362 3127 479 3194 dictum
495 3125 647 3209 (nitidem
659 3122 797 3208 Censor)
809 3119 1029 3187 estaLeou-'

59 3219 190 3294 ttbeous
220 3227 248 3293 si
278 3228 335 3296 elia
354 3231 392 3298 ab
415 3229 575 3298 annalibus
596 3229 772 3320 regnorum
795 3235 839 3290 est
861 3223 927 3312 ejus
950 3245 1023 3288 nar·

59 3325 138 3412 ratio,
153 3333 234 3422 quod
256 3331 335 3399 idem
356 3335 465 3402 tribuit
481 3357 546 3400 non
562 3333 666 3400 minus
686 3331 818 3395 obscuro
829 3323 1017 3418 philosopho

61 3424 203 3501 Moun-
229 3461 268 3501 eo
292 3439 514 3508 deveniendum
544 3451 606 3519 est,
641 3447 679 3502 ut
708 3431 791 3500 nihil
818 3431 895 3497 certi
923 3431 961 3496 sit
988 3428 1022 3494 in

61 3526 319 3608 Tuben-tzion.
352 3545 443 3618 Quod
463 3565 544 3636 opus
567 3554 679 3623 tamen,
701 3547 854 3632 perpetuo
876 3535 1024 3602 litterato·

64 3673 244 3702 ——Q--n

125 3767 148 3816 1)
161 3761 305 3816 Menneu
327 3765 485 3832 sequentibus
509 3781 572 3832 quas
594 3773 678 3818 contre
703 3761 768 3832 apud
784 3759 880 3830 aliquot
898 3716 1041 3814 dicuutur..

63 3843 430 3922 “bioeunuuaimitu
452 3853 652 3924 emittitntriit.
744 3861 753 3896 t
