2404 4288
516 245 796 332 ...231⁸ss

159 407 262 474 batur.
297 405 417 474 Verum
439 403 476 470 sid
497 403 568 468 illos
590 403 720 470 transire
741 399 957 490 (vid.cap.5.)
979 399 1070 464 nibil
1090 399 1186 462 aliud

159 511 300 603 principi
324 507 600 598 Quen-ouang
625 503 803 585 ridebatur,
837 529 931 595 quana
959 503 1000 590 ab
1029 505 1197 594 impera-t

160 626 231 680 tore
252 625 357 706 aperte
380 623 410 677 et
432 611 646 700 intempestive
669 609 809 680 delicere.
834 609 926 682 Quod
949 608 1062 700 itaque
1086 615 1185 699 prae·

127 739 133 746 ·
161 719 288 782 cedente
309 714 491 782 emblemate
513 713 725 804 periculosum
746 711 877 795 lecerat,
907 737 995 808 nunc
1017 711 1088 778 bac
1116 711 1185 802 epi-

161 820 286 915 graphe
303 821 399 912 neget
420 841 484 884 esee
506 809 637 896 omnino
657 818 844 897 laciendum.
876 816 969 882 Licet
990 813 1111 908 igitur
1135 817 1183 879 ni-

159 923 209 992 hil
230 923 290 988 nisi
313 923 381 988 litos
403 934 433 988 et
454 919 576 1014 pugnas
598 923 739 988 videatur
762 921 848 1014 loqui
872 921 1039 1002 emblema,
1064 933 1112 986 ut
1128 921 1181 984 vel

160 1049 199 1094 ex
216 1027 287 1116 ipso
308 1027 435 1092 nomine
457 1025 565 1117 liquet,
595 1027 773 1118 principem
795 1039 914 1108 tamon,
943 1026 1042 1092 sicuti
1067 1028 1177 1102 decet,

159 1130 353 1224 populorum
381 1144 504 1221 patrem
533 1157 551 1196 a
579 1131 670 1196 bellis
700 1131 804 1196 animo
825 1130 1073 1212 abhorrentem,
1115 1129 1179 1194 hae

159 1233 335 1324 epigra‘pbe
356 1234 491 1316 exhibet,
513 1235 638 1326 qualem
659 1235 754 1302 luisse
768 1236 1041 1324 Onon-euang
1055 1255 1175 1300 omnes

33 1399 38 1414 ,
158 1335 301 1404 historici
323 1338 416 1406 Sinae
443 1323 577 1406 trident.
601 1341 664 1422 „At
691 1363 749 1406 cur
778 1361 842 1404 non
872 1349 998 1427 oportet
1029 1337 1174 1404 transire
1197 1399 1198 1402 ,

160 1441 295 1509 fluvium
316 1432 493 1536 magnum?
515 1443 631 1510 Causas
643 1445 752 1530 sffert3
773 1443 804 1508 id
820 1441 1097 1533 quodtimendum
1114 1451 1171 1508 est.
1197 1471 1198 1492 κ

23 1550 29 1581 “
158 1569 226 1612 non
247 1559 292 1612 est
313 1547 468 1614 mediocre
489 1548 625 1630 malum,
654 1549 707 1614 sed
735 1547 842 1638 potius
862 1546 923 1612 tale
944 1559 982 1614 ut
992 1547 1085 1633 ejus
1106 1543 1172 1610 exi-

54 1653 69 1670 ‘
159 1661 230 1716 tum
249 1651 392 1746 excipere
414 1652 521 1718 debeat
536 1652 651 1742 urgens,
663 1675 771 1732 rerum
781 1651 955 1740 contraraie,
975 1651 1077 1740 'atque
1090 1650 1168 1722 aslw

160 1749 243 1820 sorte
252 1752 323 1822 finis
335 1754 574 1840 infelicissimus,
596 1778 651 1822 seu
665 1780 818 1846 magnum
829 1754 1053 1820 infortunium.
1081 1755 1169 1819 Hinc

160 1857 308 1941 anxietas,
340 1859 415 1926 hinc
447 1860 624 1927 sollicitudo
652 1859 760 1925 diebus
789 1859 995 1950 noctibusque
1018 1859 1165 1924 animum

113 1968 117 1974 '
160 1961 351 2051 distrahens3
380 1989 439 2030 nec
469 1961 534 2030 sine
557 1960 658 2030 causa.
702 1962 859 2030 Credibile
889 1962 974 2028 enim
1003 1975 1050 2028 est
1078 1961 1166 2027 hunc

161 2066 250 2132 fluvii
278 2069 388 2159 magni
408 2070 582 2136 *tmtaaitum
610 2067 674 2136 illis
700 2067 849 2158 ternperie
877 2065 972 2136 titisse
995 2089 1061 2132 non
1088 2065 1162 2132 absi·

51 2248 64 2269 l
115 2161 123 2170 ⁸
160 2169 268 2236 milem
291 2173 435 2238 transitui
457 2173 645 2253 Rubiconis,
677 2196 740 2264 quo
763 2170 858 2238 semel
880 2184 1027 2262 superato
1049 2174 1161 2238 Roma·
1198 2164 1199 2230 l

160 2299 219 2342 naa
239 2275 432 2366 reipublicae
455 2277 550 2343 bostis
571 2277 753 2357 hebebatur,
776 2275 958 2368 quicunque
980 2275 1044 2341 boc
1067 2297 1158 2343 ausus

160 2390 235 2446 erat.
258 2379 338 2452 Utut
358 2383 407 2463 sit,
431 2395 552 2478 certum
574 2393 627 2476 est
641 2380 912 2472 Onon-ouan'g
932 2379 967 2444 in
984 2377 1157 2446 hieronem

159 2483 400 2551 circumstantiis
423 2485 568 2552 noluisse
598 2485 731 2550 fluvium
762 2507 910 2550 croceum
939 2484 1092 2566 mandre,
1129 2493 1158 2546 et

161 2589 388 2654 conventiculis
409 2589 489 2671 illis,
521 2613 601 2678 quae
630 2589 669 2653 ad
689 2587 824 2654 australe
845 2585 934 2652 fluvii
955 2586 1056 2654 littus·
1068 2589 1155 2654 habe

65 2693 68 2700 ’
107 2739 110 2746 ·
161 2691 287 2773 beatur,
309 2691 468 2774 bateresse,
490 2692 574 2782 quod
594 2690 715 2788 bellum
736 2691 827 2757 aulae
846 2691 921 2758 licet
941 2693 1068 2758 odiosae
1085 2712 1158 2759 non·

22 2877 30 2888 ·
162 2795 240 2862 dum
260 2793 460 2876 indicendum
481 2795 642 2886 judicaret.
691 2840 693 2848 ι
727 2799 733 2838 ¹
876 2793 880 2802 ’

248 3005 319 3070 Nec'
335 3004 453 3070 minua
474 3004 501 3071 si
522 3004 622 3096 ipsius
643 3005 776 3088 adimus,
798 3004 940 3096 quamvis
962 3003 1091 3084 solidus,
1112 3023 1157 3064 va·

162 3107 222 3174 riis
240 3117 353 3172 tamen·
365 3108 449 3174 curis
470 3119 631 3194 aestuaret,
660 3104 755 3200 quem
776 3103 810 3174 ia
832 3109 991 3200 angustias
1014 3105 1156 3194 conjicio

162 3212 244 3278 beat.
260 3209 336 3277 hiric
360 3211 486 3279 lethales
508 3214 703 3285 subditorum
725 3213 908 3304 principum
930 3236 1004 3278 eum
1025 3211 1156 3301 impera·

44 3402 47 3417 Ι
164 3327 233 3381 tere
253 3315 421 3384 Teheou
443 3319 619 3385 discordiae.
643 3319 727 3384 Hinc
748 3319 842 3384 etiam
852 3340 938 3382 nune
948 3315 1154 3408 clandestinae

163 3443 251 3485 nunc
279 3419 423 3510 publicae
452 3423 615 3514 utriusque
644 3423 740 3515 partis
768 3419 1022 3491 machinationes.
1069 3415 1155 3494 Quot

163 3533 266 3590 totum
280 3535 440 3618 utcunque
454 3527 658 3612 adumbratur
671 3526 734 3594 boe
747 3537 833 3593 sexto
848 3523 1033 3612 emblemata
1043 3521 1155 3610 Song,
1177 3539 1186 3552 ‘

165 3627 199 3692 in
220 3640 307 3718 perte
328 3631 490 3720 superiore
512 3633 645 3711 eoelum,
667 3633 702 3697 in
724 3629 874 3696 inferiore
889 3629 987 3694 nubes
1002 3627 1153 3692 exbibens.

164 3725 338 3824 aSuperius
362 3735 480 3824 (inquit
494 3735 667 3802 (balacius
677 3735 711 3800 in
729 3745 896 3801 comment.
908 3733 1015 3799 Toen
1032 3732 1066 3798 ia
1083 3731 1154 3811 boc)

166 3849 213 3904 est
233 3835 378 3922 lirmtun,
409 3838 539 3906 inferius
568 3837 614 3906 est
635 3823 879 3929 periculosum&
920 3835 1056 3904 'Anisams
1078 3834 1154 3904 anim
