2572 4286
436 451 439 454 .
463 481 465 484 Ι
519 417 737 460 dnlloffllom.

201 533 232 589 ι)
257 522 369 597 Copia
397 499 513 582 reinna
537 541 609 582 non
631 535 754 600 poteat
780 543 855 582 essa
882 491 936 583 ite
958 527 1063 604 plena
1090 537 1124 586 et

127 613 300 686 all'luene,
327 623 367 668 ut
383 614 641 687 temperantiae
658 633 696 671 eo
713 603 906 674 modestiae
923 633 990 670 non
1015 617 1062 670 eit
1081 619 1125 672 lo·

127 719 184 759 ons
203 703 237 758 in
256 701 338 776 ipso
355 720 428 758 nan.
447 704 506 759 lta
523 702 704 772 Consnolns'
694 721 725 757 ιιι
744 713 866 762 tractatu
892 704 926 760 de
942 713 1038 762 mutuo
1050 695 1123 784 figu-

127 809 226 847 rarum
244 808 327 846 nexu.
362 791 490 848 Prius
481 802 576 866 itaque
594 809 653 846 esse
672 789 774 862 debuit,
789 792 830 846 ait
848 791 1061 848 oontmentariue
1079 811 1123 848 re·

129 881 200 954 gius,
219 882 355 942 emblema
373 880 562 936 abundantiae
581 882 722 954 'la-you,
742 889 770 934 et
786 881 968 954 posteriue
988 883 1123 938 emblema

125 967 324 1023 moderationis
341 968 434 1024 llien
452 985 502 1022 seu
520 966 679 1022 modestiae.

195 1065 226 1122 ι)
252 1055 368 1112 Οοιιιιιι
389 1057 443 1112 hoo
471 1075 504 1112 ax
531 1055 640 1112 duobus
665 1045 803 1130 'symbolis
830 1063 923 1111 terrae
951 1029 1067 1129 linea,
1087 1057 1122 1135 'pt
1139 1099 1160 1127 ,,

125 1147 224 1220 “eng
250 1145 361 1202 montis.
397 1139 529 1217 Monte,
555 1144 722 1218 aitglosse,
753 1143 847 1202 nihil
874 1153 927 1200 eet
947 1146 1056 1202 altine
1086 1147 1121 1201 in
1162 1141 1165 1148 '

123 1244 218 1289 terre
248 1251 337 1308 quae
360 1233 726 1302 osteumroeebjeota.
762 1231 943 1296 htoumis
969 1235 1119 1296 declinis
1225 1293 1227 1296 ,
1255 1301 1265 1314 „

38 1388 42 1400 ἱ
123 1323 177 1427 sit,
194 1323 309 1398 imago
328 1341 398 1378 esee
416 1333 538 1396 potest
554 1319 698 1377 humilio
717 1322 923 1378 modestiae.
1029 1323 1033 1338 '

166 1417 222 1476 ³)
249 1411 469 1468 Commentarius
487 1405 589 1467 'I'oen
608 1409 773 1465 Conlnoii'
764 1429 795 1466 ιιι
821 1411 897 1466 huno
924 1412 1018 1466 loeusn
1035 1412 1119 1467 habet

123 1501 292 1556 nonnulla
282 1519 345 1588 ipso
369 1510 446 1556 textu
471 1501 645 1558 obscuriora.
681 1500 783 1572 Hien,
810 1498 919 1574 inquit,
946 1509 994 1555 est
1016 1519 1118 1576 pene-

74 1641 78 1648 ,
120 1599 228 1646 trane.
266 1577 348 1645 Cani
376 1587 461 1644 coeli
490 1589 597 1662 legem
618 1591 797 1660 jacentem
822 1587 1000 1661 reperit,
1017 1589 1141 1645 illam'

122 1679 296 1736 lucentem
321 1687 355 1732 et
382 1679 509 1732 claram
536 1676 630 1732 lacit.
666 1677 736 1734 Lex
760 1686 884 1731 terrae
911 1693 994 1732 ιιιιιιι
1001 1677 1118 1734 sitdo-

121 1767 267 1837 jeotior,
294 1767 370 1842 agit
397 1783 512 1840 snpra.
549 1765 655 1820 Verum
679 1783 712 1820 ox
738 1765 923 1839 interpretum
948 1775 976 1820 et
992 1765 1116 1822 doctoris

121 1856 258 1930 imprimis
272 1857 417 1930 Tohang
428 1885 438 1896 ·
450 1855 568 1910 lto-leo
587 1854 722 1931 applicari
740 1864 839 1931 potest,
868 1854 948 1910 Coeli
966 1855 1012 1910 lex
1031 1865 1117 1930 etque

121 1955 221 2002 natura
240 1954 288 2017 est,
306 1955 352 2016 ιιι,
370 1944 436 2000 licet
451 1942 536 2000 rebus
555 1961 606 1998 suo
624 1943 679 2000 situ
696 1942 918 2016 superemineat,
936 1952 1065 2016 penetret
1082 1961 1116 2000 eo

120 2035 196 2090 v'elut
214 2035 366 2090 descendat
388 2032 420 2088 in
441 2043 536 2088 terrae
560 2031 699 2088 inferiora
716 2031 854 2104 inllnene,
881 2031 956 2086 unde
974 2029 1052 2088 litut
1070 2031 1119 2110 oo3¹
1213 2067 1218 2081 .

120 2125 197 2177 oulta
215 2122 292 2178 illius
314 2120 438 2178 efficacia
463 2120 567 2192 jacenti
584 2119 682 2184 similis
710 2120 846 2177 excitetur
871 2129 955 2198 atque
971 2121 1115 2176 manifeste

119 2211 259 2266 elucescat
275 2209 377 2284 plantio
396 2220 479 2286 etque
498 2209 560 2264 aliie
579 2207 741 2308 efficienpfis.
843 2234 853 2256 a

124 2316 127 2322 ·
189 2301 299 2354 'l'erree
326 2301 370 2354 lex
387 2308 416 2354 et
433 2307 535 2354 nature
553 2305 609 2369 est,
635 2305 670 2352 nt
693 2296 760 2351 linet
780 2295 816 2350 sit
842 2293 872 2351 in
895 2296 959 2352 loeo
976 2287 1115 2352 inferiore

119 2388 245 2464 adeoque
263 2387 432 2460 dejectione,
457 2386 556 2442 efferat
579 2394 671 2448 tenen
690 2401 749 2450 epse
775 2391 895 2458 agatque
920 2383 950 2438 in
967 2385 1117 2458 superiora
1153 2433 1155 2438 .

116 2477 269 2550 vaporibus
287 2486 316 2532 et
333 2475 568 2546 exhalationibus,
588 2493 622 2530 ex
639 2472 741 2549 quibus
759 2471 920 2546 flumine,
912 2473 990 2530 nives
1009 2483 1036 2528 et
1053 2476 1115 2547 plu-

117 2565 180 2622 viae
198 2557 300 2620 dealade
317 2564 447 2621 existunt.
475 2564 515 2620 lta
532 2563 695 2634 Gonfuoiue,
712 2561 760 2618 oui
779 2560 852 2617 ooeli
869 2571 1019 2638 terraeque
1038 2561 1114 2630 inter

116 2671 146 2708 ee
164 2653 430 2710 communicantium
447 2653 541 2730 imago
563 2651 651 2729 magis
670 2650 808 2727 placuisse
828 2649 874 2706 hio
902 2651 1016 2707 videtur
1030 2669 1115 2728 quern

115 2741 240 2798 Fabiana
267 2742 369 2800 montis
394 2744 424 2798 in
452 2743 545 2798 medio
561 2751 666 2798 terrae.
703 2739 819 2826 Goelnnt
846 2740 922 2796 enim
946 2739 1003 2797 diei
1021 2749 1113 2815 potest
1197 2758 1202 2780 t

115 2831 305 2905 metaphorice
332 2831 477 2888 demittere
505 2850 549 2906 ee,
576 2831 644 2888 dnm
671 2848 720 2886 sne
744 2831 820 2886 bona
844 2823 1031 2886 communicat
1049 2847 1113 2888 euna
1162 2865 1164 2870 ·

115 2929 193 2975 terre
221 2923 283 2976 neo'
301 2919 469 2996 dedignatur
494 2919 537 2976 nti
563 2919 599 2976 iis
627 2918 763 2976 subsidiis]
784 2935 855 2993 qnae
878 2928 956 2974 terre
983 2919 1113 2992 superins
1214 2923 1217 2928 '

115 3025 201 3084 egene
218 3009 247 3064 ei
264 3009 465 3068 subministret.
501 3010 536 3065 lt
562 3009 600 3064 ad
627 3009 681 3066 hoo
707 3018 859 3084 utrumque
875 2999 1030 3070 modoetiae
1055 3007 1113 3064 olli·

110 3097 192 3164 ,non
218 3114 322 3171 perum
348 3107 398 3154 ent
423 3097 494 3158 nihil
524 3097 619 3154 feners
642 3097 756 3154 videtur
780 3097 935 3172 syutbolurn
956 3095 1061 3170 ‚montis
1079 3113 1113 3152 ex

114 3185 170 3244 inte
186 3195 265 3258 terre
283 3185 471 3260 assurgentis,
498 3195 562 3259 aut,
580 3193 613 3240 ut
630 3185 786 3260 explicent,
805 3181 840 3240 in
858 3195 955 3240 terra
971 3184 1110 3242 stantis.

78 3281 83 3290 “
112 3277 207 3330 Poteet
223 3275 400 3350 aliquetenus
415 3275 582 3344 adumbrare
600 3273 766 3337 soliditatem
783 3273 878 3346 animi,
897 3288 952 3349 qua
966 3273 1111 3348 praedinre

114 3381 173 3418 sese
202 3365 285 3419 debet
305 3365 444 3420 modestus
468 3363 637 3440 humilisque
654 3361 703 3438 qui
720 3363 873 3445 ¹prosperis
893 3379 951 3417 non
976 3361 1109 3440 edernae,

111 3453 163 3511 sed
179 3453 339 3510 nudatenue
360 3451 420 3526 pati
438 3470 549 3508 senemn
566 3449 744 3528 epigraphes,
762 3461 804 3508 est
821 3461 971 3529 pensu-ans
989 3461 1042 3509 eto.
1095 3499 1098 3508 ,

250 3541 263 3570 ,
610 3545 613 3554 .
859 3569 862 3580 .
1028 3544 1032 3556 .

503 3697 715 3725 -ι-ι-ιι-μ

1225 2467 1228 2514 l
