2546 4274
436 198 718 266 *1193-

79 349 246 427 ratiocinio
266 348 376 416 baberi
393 375 458 418 non
476 351 589 442 possit,
610 351 653 418 ita
672 363 710 418 ut
724 373 805 418 unus
817 349 898 418 liber
915 351 1071 446 Y-king

20 519 32 559 Ι,
79 469 261 550 temporum
271 457 522 536 rationariumac
533 455 620 525 velut
628 455 785 547 encyclios
799 457 960 548 disciplina
970 459 1071 524 videa·

25 625 31 662 ἰ
79 575 144 628 tur.
179 563 272 653 Quod
283 563 474 653 paradoxum
489 585 561 628 com
574 562 767 652 exposuisse,
792 561 938 626 refutasse
952 563 1010 644 eit,
1024 565 1072 628 -eo

81 667 308 736 deveniendum
323 677 385 748 est,
405 678 442 731 ut
457 665 705 758 quandoquidem
720 665 754 730 in
766 664 913 730 Sinarum
927 665 1014 730 libris
1025 667 1073 730 Si·

19 733 30 876 ξ
78 772 156 838 nica
171 773 293 838 tandem
312 772 479 860 expetenda
502 781 591 851 aunt,
609 769 710 835 multo
732 770 835 836 minua
854 769 969 834 Graeca
988 769 1072 836 Lati-

20 923 21 928 1
18 900 190 985 noque
204 873 705 956 introducenda,e1cutnullamex
721 871 770 938 hie
781 873 958 940 minoribus
971 875 1072 964 perio-

18 945 129 1092 :dis
146 979 346 1072 agnoscimus
361 979 395 1042 in
409 975 547 1044 numerio
564 977 742 1098 figurarum
764 977 810 1044 Y·
800 977 935 1072 -ling,
956 979 1000 1044 ita
1014 1003 1073 1046 neo
1139 973 1145 983 “

18 1053 167 1152 hanc
179 1109 331 1152 summam
343 1085 451 1154 11520
467 1081 581 1148 abillis
597 1107 735 1150 numams
744 1083 928 1174 productam
944 1107 1005 1181 pro
1021 1108 1074 1174 pc·

81 1192 173 1258 riodo
188 1213 261 1256 vera
275 1187 508 1281 magnaqueY·
518 1187 620 1278 lting
635 1187 723 1253 nulla
737 1188 912 1254 Doctorum
927 1188 1074 1254 Sinarum

16 1267 22 1388 ξ
85 1293 267 1361 auctoritato
288 1293 465 1369 habeamur.
488 1294 533 1358 At
554 1291 628 1382 quid
650 1315 729 1383 ergo
750 1293 899 1361 affertur?
922 1293 1078 1383 numquid

16 1389 21 1412 ⁸
83 1399 167 1466 nihil
195 1398 279 1464 aliud
306 1423 378 1464 cum
407 1398 447 1462 ait
469 1421 563 1487 quam
585 1397 761 1464 consecutio
788 1398 943 1464 dictorum
974 1399 1079 1464 omitti

15 1591 18 1608 k
85 1501 214 1569 debuit?
238 1503 356 1576 Quaeri
376 1501 460 1568 enim
482 1501 584 1568 adhuc
603 1511 727 1592 poterat
749 1501 817 1592 quia
835 1513 911 1568 earet
925 1503 1078 1570 maximus

85 1629 238 1672 numerus
273 1606 428 1672 linearum
462 1606 519 1671 Yn
557 1617 589 1671 et
621 1605 735 1697 lang
772 1629 810 1672 ex
842 1605 962 1696 regulis
1001 1607 1079 1674 libri

86 1705 470 1799 Y·l‹ing''exbibendue.
514 1709 542 1776 la
573 1721 678 1776 autem
699 1710 834 1776 babetur
861 1711 887 1775 ei
913 1711 1079 1804 utriusque

86 1815 215 1907 generis
243 1837 394 1880 numerus
422 1813 478 1906 qui
505 1823 551 1880 est
579 1826 641 1886 192
670 1837 870 1906 summusque
891 1816 1081 1908 multiplice·

86 1931 140 1986 tur
157 1931 227 1986 tum
255 1943 313 2010 per
341 1917 513 1984 maximum
542 1925 747 1995 numerum(
733 1921 949 2015 (Ta-yang)
970 1924 1079 2016 magni

87 2023 284 2118 Yangtss,
318 2025 1080 2120 tumpertbmagniYnsl'a-yn)primo
1162 2045 1166 2055 “
1260 1997 1261 2024 i

85 2127 373 2220 proportionalem,
403 2129 488 2219 quod
509 2127 609 2219 igitur
630 2127 749 2194 lactum
772 2143 817 2196 eat
839 2132 972 2199 articulo
993 2155 1081 2224 prae-

12 2225 203 2300 cedenti
231 2235 268 2300 de
293 2233 388 2298 lineis
416 2231 521 2298 llien
549 2243 580 2298 et
604 2217 716 2298 lloen
744 2233 814 2298 id
805 2259 840 2299 ιιι
868 2239 1023 2326 praesenti
1045 2235 1082 2304 lit

12 2329 15 2368 i
87 2337 125 2403 de
146 2337 237 2404 lineis
259 2337 402 2402 omnium
424 2343 467 2406 δι
481 2331 673 2426 figurarum.
718 2335 881 2404 Summus
891 2339 1008 2406 scilieet
1029 2340 1083 2406 ba·

86 2465 160 2507 rum
181 2465 309 2533 quoque
330 2439 511 2506 exhibetur
517 2463 668 2508 numerus
684 2441 837 2508 electore
854 2443 1082 2531 desiderendua,

12 2541 13 2574 ³
89 2543 173 2611 intra
202 2557 305 2612 tamen
332 2544 455 2612 reloree
484 2545 594 2634 primis
627 2547 769 2612 terminio
799 2558 853 2613 aut
885 2547 1082 2620 institutione

86 2649 214 2742 antiqua
235 2662 288 2716 aut
308 2673 370 2716 ιιιιι
391 2649 541 2718 diuturno
563 2651 756 2718 constitutor.

175 2753 262 2846 Quae
285 2779 357 2820 cum
379 2752 424 2819 ita
445 2753 507 2820 sint
527 2779 586 2845 per
607 2779 638 2822 ee
660 2755 744 2823 clara
766 2769 798 2823 et
816 2755 931 2826 relate
950 2775 1082 2850 renata,

88 2859 230 2950 requitur
261 2858 344 2926 hanc
380 2881 536 2926 annorum
567 2883 720 2930 remmam
746 2859 848 2931 multo
877 2865 982 2935 minua
1020 2871 1084 2942 dici

90 2987 180 3056 poree
212 2964 454 3048 Conlucianam3
483 2989 557 3032 nam
582 2979 707 3060 praeter
734 2969 891 3038 silentium
922 2973 1083 3066 Confucii,

89 3093 144 3160 qen
133 3067 284 3134 ''illam
275 3093 310 3134 ιιι
331 3067 394 3136 auis
416 3065 564 3156 operibus
593 3072 780 3162 nequidem
803 3077 905 3142 obiter
926 3077 1084 3171 indicavit,

90 3175 350 3251 demonstratum,
381 3170 514 3260 opinor,
548 3185 594 3241 est
618 3174 706 3242 hunc
734 3187 853 3246 textum
876 3192 995 3252 tantum
1017 3213 1084 3257 esso

90 3273 342 3340 coneecutionem
371 3277 581 3365 praecedentia
612 3279 770 3348 doctrinae
797 3285 834 3350 do
861 3283 911 3352 bia
932 3295 1085 3382 numerio,
1118 3283 1122 3288 ¹

89 3401 169 3469 quoe
193 3373 391 3445 Confirciano
419 3379 572 3471 opusculo
598 3383 663 3450 lli·
670 3395 730 3449 tea
759 3392 934 3479 suppositos
957 3395 1086 3468 additor-

89 3505 151 3573 que
173 3479 303 3548 ineunte
317 3477 432 3550 ch·
439 3483 558 3551 tobao
578 3489 789 3578 probavimus.
829 3493 988 3564 Summa
978 3513 1084 3596 itaqua

90 3609 172 3678 quaa
194 3585 323 3653 illorum
345 3587 604 3681 multiplicatione
626 3592 692 3660 aola
714 3595 883 3688 colligitur,
906 3604 960 3696 qui
975 3612 1084 3680 vocari
1167 3643 1172 3654 ·

89 3701 193 3782 potest
216 3689 437 3762 Consuciena?
466 3709 498 3764 et
526 3697 553 3764 ai
576 3695 769 3768 Consuciana
784 3727 862 3776 non
882 3719 927 3775 eet
948 3725 1083 3804 quantae

90 3795 280 3894 antiquitatie
287 3799 407 3872 censeri
412 3803 539 3900 poterit,
551 3830 630 3906 qino
638 3806 791 3880 anteriore
799 3831 1081 3912 necmonumonto,
