2536 4276
536 175 577 192 -
641 147 811 232 seo·-

174 301 204 358 et
223 285 308 358 hunc
328 293 367 376 in
384 284 510 361 mudum
532 291 606 378 teri,
627 297 670 363 'ita
686 309 723 364 ut
738 321 822 364 nunc
835 297 1023 390 plerumque
1034 300 1152 388 grando

173 397 212 463 sit
233 399 267 464 in
286 412 387 490 partes
410 401 548 484 adversas
570 403 743 468 acuminata
756 409 799 468 'ac
814 397 1010 470 multilatera.
1032 402 1153 468 Littera

171 502 229 576 (ait
250 503 344 581 alter)
370 528 494 596 quoque
524 517 645 591 nostru,
682 531 760 600 quae
788 507 971 598 grandinem
996 505 1152 598 exprimit,

63 613 69 628 ⁸
170 607 261 690 Pao,
291 619 406 674 constat
436 633 473 674 ex
503 611 619 677 duabus
642 609 725 693 aliis,
756 613 889 702 quarum
917 611 978 678 alia
1008 611 1154 704 exprimit
1263 697 1264 704 ἵ

170 710 327 802 pluviam,
358 711 415 778 alia
442 711 617 780 involvere(
652 717 770 806 Nempe
797 715 919 806 pluviae
948 739 1047 807 vapor
1067 717 1153 783 inro-

169 815 254 882 lutus
275 815 415 910 fissusque
446 818 521 910 gelu
549 819 710 910 rep'cn'tino
740 833 784 885 est
811 819 876 911 ipsa
898 823 1051 912 granduf‘
1095 821 1154 888 va-

143 987 156 1000 ,
170 943 259 1012 porea
281 925 378 1012 po'rro
401 919 536 990 diversos
559 947 623 990 esse
644 919 798 991 annotant.
819 917 969 1010 „Pluvia's
991 947 1087 1018 sapor
1109 938 1154 992 est

169 1027 312 1117 impurus
326 1025 368 1092 'ac
390 1028 550 1110 turbidus,
582 1051 680 1119 purus
709 1043 816 1096 contra
837 1031 918 1095 roris
940 1048 1047 1130 vapor.
1090 1031 1154 1096 Ros

170 1129 261 1195 etiam
283 1141 312 1196 et
341 1131 456 1198 nebula
484 1134 607 1224 vaporis
634 1129 751 1200 ¹ratione
784 1131 939 1200 differunt.
960 1119 1087 1224 'Hujus
1109 1147 1155 1202 est

169 1232 325 1316 sordidus,
349 1233 434 1302 illius
456 1238 605 1302 nitidus.“
700 1255 715 1262 ”
930 1229 951 1319 J

253 1339 300 1404 Ex
327 1340 384 1406 hac
412 1341 540 1407 materia
568 1339 603 1407 fit
632 1339 689 1408 lris
719 1341 849 1436 delapsis
877 1341 1155 1434 primum'versus

168 1451 282 1510 terram
305 1445 504 1538 gravioribus
532 1445 618 1512 velut
644 1447 762 1512 facibus
790 1447 901 1540 vapori
928 1447 1083 1541 pluviatili
1104 1449 1156 1514 ad-

167 1547 280 1616 mixtis.
309 1551 411 1634 „Nam
435 1551 500 1638 ejus
522 1563 633 1628 natura
655 1552 833 1644 (inquiunt)
856 1569 901 1620 cst
922 1553 1029 1644 pluvia
1053 1553 1154 1620 tenuis

168 1679 319 1751 puraque.
365 1657 457 1729 Quod
485 1665 586 1755 tamen
620 1681 637 1736 a
666 1657 728 1722 sole
756 1659 882 1723 adverso
916 1655 1090 1724 illustretur
1120 1657 1155 1722 in

48 1747 59 1756 ⁸
136 1763 137 1766 ’
167 1767 275 1828 arcum
295 1761 404 1825 'colere
424 1760 596 1852 umbraque
619 1759 795 1851 {listinctum
816 1761 983 1852 liguratur.
1005 1761 1053 1828 De
1075 1761 1155 1828 iride

142 1902 145 1917 =
170 1863 231 1930 dici
254 1865 330 1930 solet
352 1863 456 1930 sistere
478 1864 627 1956 pluviam·
661 1867 732 1955 LSed
753 1889 817 1932 non
838 1865 957 1944 itaest.
990 1865 1075 1946 Earn¹
1089 1865 1155 1930 vim

166 1967 364 2052 nonhabet,
394 1979 425 2034 at
455 1981 530 2034 tunc
557 1969 689 2059 pluviae
709 1993 807 2061 vapor
828 1971 993 2036 admodum
1017 1981 1155 2036 ternatus

134 2137 136 2142 .
167 2071 388 2164 est„soleque
417 2085 582 2164 apparente
616 2085 647 2141 ct
671 2068 756 2164 ‘pure
785 2073 927 2141 radiante
958 2086 1038 2141 totus
1066 2073 1154 2140 brevi

167 2175 366 2266 dissipatur.“
594 2167 597 2174 ’
879 2173 882 2179 ’
919 2168 923 2180 ’

252 2283 294 2348 At
305 2281 358 2348 has
375 2279 590 2374 explicationes
605 2274 725 2376 requiri
739 2303 828 2376 posse
838 2273 935 2350 mulla
947 2303 1012 2349 nnn
1028 2281 1155 2374 ignoro,

168 2411 186 2452 a
208 2383 433 2454 recentioribus
455 2389 636 2478 praesertim
659 2388 771 2482 nostris
790 2385 996 2478 physiologis.
1019 2387 1062 2450 At
1080 2409 1155 2450 cum

167 2493 248 2558 nihil
270 2491 441 2582 repererim
463 2491 497 2557 in
520 2493 747 2562 commentariis
760 2491 908 2582 librisque
925 2487 1070 2556 Sinarum
1086 2488 1158 2578 pbi-

88 2621 104 2664 ·,
167 2593 336 2688 losephicis
365 2609 422 2660 nec
450 2596 532 2662 circa
561 2597 660 2664 varias
687 2597 806 2688 figuras
836 2595 980 2660 materiae
1003 2593 1157 2658 terrestris

167 2699 242 2783 Yn,
273 2697 337 2764 sive
365 2721 393 2764 v.
422 2725 453 2792 g.
483 2723 610 2792 aquarn,
646 2701 710 2768 sira
741 2701 849 2792 ignem
878 2707 1058 2789 componat,
1097 2719 1158 2761 nec

167 2807 250 2872 circa
271 2813 374 2868 motus
396 2795 553 2894 lineasque
575 2827 715 2872 ascensus
738 2806 974 2893 descensusque,
997 2825 1026 2868 v.
1049 2825 1081 2890 g.
1105 2823 1159 2866 ra-

167 2907 252 3002 peris
267 2909 306 2973 'et
327 2905 390 2973 saxi
410 2907 568 2999 proprias,
599 2907 680 2974 nihil
701 2905 802 2974 habeo
822 2905 1030 2999 'particulatim
1053 2901 1160 2968 dicen-

168 3002 251 3080 dum.
297 3013 388 3086 Quod
410 3013 533 3103 quidem
563 3011 675 3090 ciuicae
702 3009 916 3104 philosophiae
939 3009 964 3076 si
986 3007 1055 3100 quis
1077 3001 1160 3074 {risio

167 3119 349 3186 vertendum
369 3129 474 3208 putet,
495 3139 553 3210 per
575 3141 624 3182 me
647 3117 734 3204 licet3
757 3116 783 3180 si
805 3127 908 3196 tamen
929 3137 994 3180 non
1015 3137 1050 3178 ca
1071 3111 1160 3177 forte

168 3233 214 3288 est
234 3216 355 3314 ingenii
376 3219 505 3287 humani
526 3219 737 3303 imbecillitas,
773 3231 899 3312 ut‘quo
924 3216 1096 3286 minutiora
1118 3239 1160 3280 ac

167 3325 341 3419 singuliora
363 3338 491 3392 naturae
513 3337 743 3416 perscrutatur,
765 3348 803 3389 eo
817 3323 917 3414 inagis
930 3323 1066 3408 incertus
1085 3317 1162 3384 hae·

88 3425 91 3433 ¹
157 3443 241 3500 seat.
285 3431 469 3500 Aristoteles
492 3441 592 3512 certe,
630 3431 684 3522 qni
713 3428 815 3519 judice
837 3425 955 3494 Tullio*
969 3421 1163 3490 abundantia

166 3534 299 3629 quadarn
328 3535 448 3626 ingenii
478 3535 666 3624 praestabat,
702 3559 720 3599 a
746 3531 874 3602 minutis
905 3529 967 3595 illis
989 3527 1162 3612 abstinuit,

166 3643 236 3706 satis
257 3639 373 3706 habens
403 3637 506 3729 aliqua
534 3639 571 3704 de
593 3635 697 3728 ligura
719 3633 866 3704 circulari
889 3629 970 3700 coeli
992 3641 1163 3723 terraeque

166 3744 342 3815 summatim
375 3741 509 3811 delibare
537 3753 568 3810 st
595 3754 717 3831 mamm
747 3737 935 3834 generaliter
963 3733 1101 3806 dirideia
1126 3735 1165 3802 in
1263 3781 1264 3812 ,
