2476 4296
537 240 603 268 -.
645 218 708 308 m
776 239 818 262 ⁶·

168 327 373 458 ¹nisseperium
393 363 510 430 nemini
532 363 714 447 convenire,
743 367 800 456 qui
821 363 936 456 quibus
957 364 1091 458 imperat
1112 392 1184 434 me·
1218 421 1219 468 p

114 471 118 480 '
182 469 246 535 lior
268 493 333 537 non
354 471 424 537 sit‘·

150 620 155 633 ·
270 575 434 641 Caeterum
456 595 528 638 oum
549 572 700 662 principie
729 573 1005 664 Gneo-ouang
1031 586 1181 666 tempore
1218 557 1219 568 ἵ

181 677 306 770 imperii
327 677 463 742 Sineuais
486 674 618 742 desectio
638 677 778 742 nondum
800 678 973 768 erupisset,
996 681 1048 749 sesi
1066 679 1180 746 lateret

182 795 262 848 tecta
290 780 436 846 ao‘velut
465 779 498 846 in
520 781 590 846 sinu
611 780 802 872 principum,
835 781 948 879 quibus
969 783 1088 848 invisus
1110 795 1183 850 erat
1219 793 1220 812 ¹

180 885 313 950 crudelis
335 885 505 976 imperator
527 909 564 950 ex
585 885 703 952 familia
730 888 898 971 (seeundo)
920 885 996 970 Yn,
1031 889 1096 952 no'n
1117 889 1179 952 im-

179 989 291 1055 merito
321 1002 519 1080 comparatur
546 989 635 1070 nubi,
668 989 702 1053 in
732 1013 826 1080 quam
855 991 980 1081 quidem
1009 1013 1042 1056 se
1070 991 1178 1069 induit
1220 1036 1221 1080 p

178 1092 334 1158 enhelitus
356 1104 455 1158 terrae
478 1095 515 1158 ad
536 1091 656 1158 fulmen
674 1093 771 1158 factus
789 1103 820 1160 et
836 1095 977 1160 nondum
991 1117 1175 1186 erumpens,

177 1213 256 1288 quoe
268 1172 449 1288 ⁸symlsolice
470 1195 648 1288 significare
668 1207 770 1304 potest

382 1395 392 1414 .
430 1395 438 1410 .
474 1395 483 1411 .
520 1393 528 1410 .
564 1373 661 1410 oaeoos
680 1354 785 1410 instare
803 1357 946 1428 tumultus,

359 1447 394 1503 ’.
430 1484 438 1500 .
474 1481 482 1500 .
519 1484 527 1500 .
564 1454 592 1499 et
609 1453 707 1516 operta
727 1451 880 1500 tumescere
898 1445 981 1502 bella

262 1585 387 1652 Horum
408 1607 487 1676 ergo
509 1583 684 1676 periculosa
713 1586 831 1652 semina
858 1585 920 1650 hoo
940 1581 1033 1650 tertio
1055 1583 1170 1652 emble·

175 1701 256 1754 mate
277 1689 513 1772 adunbrmtur,
535 1689 733 1779 sequentibus
755 1690 864 1756 deinde
883 1688 1076 1780 explicanda.

534 1914 538 1922 1
564 1863 780 1904 sonorarsones.

248 1963 276 2014 1)
293 1953 369 2008 lnter
387 1963 449 2008 octo
469 1953 592 2028 symbola
610 1971 682 2028 quae
700 1953 856 2008 Pn-laoua
873 1951 959 2026 vulgo
977 1951 1166 2022 nominantur,

175 2041 247 2096 illud
265 2043 340 2115 quod
357 2052 459 2097 vocant
477 2042 585 2097 'sehin
603 2048 760 2114 ΞΞ
783 2060 837 2114 pro
859 2042 967 2098 tonitru
991 2061 1041 2097 seu
1059 2043 1165 2096 exhala-

174 2137 297 2194 tionibus
316 2138 439 2193 fulminis
458 2138 597 2212 supponit.
634 2139 669 2193 tt
694 2138 769 2213 quod
792 2140 861 2192 lton
883 2139 1041 2211 appellant,
1070 2148 1099 2194 et
1115 2140 1165 2194 hae
1223 2136 1224 2180 l

282 2237 438 2248 --.--

173 2235 264 2312 figura
281 2291 345 2302 -,,
381 2291 436 2301 ,ἢ
456 2236 623 2318 exprimunt,
643 2235 767 2290 refertur
785 2235 936 2312 adaquant
951 2247 1166 2302 (utnotatoom
1223 2287 1224 2290 ,

174 2328 327 2384 nantarius
346 2326 522 2396 comissimis),
550 2325 688 2397 pluviem,
714 2326 817 2396 nubes,
847 2345 896 2381 seu
922 2343 1041 2398 vapores
1064 2343 1164 2400 aqueus

174 2417 272 2492 quiin
291 2416 408 2472 sublime
427 2415 607 2482 attollentum
635 2433 668 2468 ex
693 2414 735 2470 his
759 2415 866 2470 duobus
885 2415 1063 2486 componitur
1077 2415 1164 2470 diver·

174 2505 267 2580 siecpae
291 2503 425 2578 pymbolis
453 2505 507 2557 hoe
535 2502 648 2560 tertium
674 2501 808 2558 emblema
835 2501 938 2557 dictum
964 2505 1051 2578 vulgo
1077 2505 1162 2558 Tun.

173 2595 285 2655 „Nubes
313 2591 367 2656 (ais
391 2590 544 2644 Confiioius
569 2589 598 2642 in
624 2589 824 2644 commentario
842 2591 966 2665 Siang)
992 2591 1100 2646 fulmen
1118 2593 1163 2646 ln·

171 2683 243 2738 bens
262 2691 302 2735 est
320 2697 391 2752 quae
410 2679 514 2732 dicitur
533 2679 607 2732 Tun
626 2677 747 2751 imago.⁴⁸
951 2743 954 2750 ¹

243 2777 274 2831 2)
293 2769 324 2822 ln
342 2769 477 2840 opusculo
491 2764 664 2845 &omniane
681 2765 1029 2824 Tei-loua-tolsouen
1048 2767 1163 2834 (sisinn

170 2867 221 2914 tun
239 2857 396 2930 figurarum
410 2854 485 2909 inter
504 2873 532 2908 se
551 2853 665 2918 ordine)
691 2855 725 2909 de
748 2871 804 2929 quo
827 2867 907 2929 parts
930 2857 1023 2930 prima
1040 2857 1162 2914 diuinae:

170 2947 313 3012 „Extitere
331 2945 440 3000 eoelum
458 2953 486 2998 et
502 2951 588 3014 terra,
616 2952 678 3015 post
697 2960 784 3018 eaque
802 2955 927 3002 caeterae
944 2963 990 3000 ree
1008 2945 1162 3018 productae

162 3045 244 3113 'sunt
272 3033 339 3088 Illae
357 3049 419 3088 oum
437 3031 512 3086 intra
530 3049 633 3105 augens
652 3035 759 3088 coelum
778 3044 937 3108 terramque
956 3033 1162 3106 contineantur,

171 3145 228 3180 non
247 3111 398 3196 potuerunt
415 3138 472 3174 non
490 3119 618 3192 accipere
636 3121 700 3176 inde
718 3122 927 3193 incrementum,
951 3123 1026 3197 quod
1044 3132 1163 3177 vocatur

171 3214 296 3268 'lehun
314 3211 358 3266 vel
378 3211 468 3280 Tun,
497 3217 524 3262 et
544 3217 585 3262 eet
604 3210 725 3282 primum
750 3209 860 3264 initium
887 3209 1099 3284 generationum
1117 3229 1161 3264 ra·

171 3319 249 3374 rum5
271 3299 429 3372 plantarum
447 3297 553 3352 scilicet
570 3297 792 3373 aliorumquelid
812 3309 930 3372 genus.“
966 3298 1043 3376 Quae
1068 3299 1161 3353 omnia

172 3391 243 3445 nihil
262 3388 341 3443 uliud
361 3385 516 3461 significant
533 3389 608 3455 juxta
625 3388 791 3460 interpretes
809 3397 836 3440 at
854 3387 996 3442 doctorem
1014 3387 1161 3462 'l'ehang-

171 3479 290 3550 lsolao‚
308 3475 371 3546 nisi,
390 3475 545 3532 constitutis
564 3473 644 3532 coelo
662 3485 795 3550 terraque
811 3486 844 3530 ut
858 3495 954 3532 rerum
965 3485 1160 3549 generatas-um

99 3609 101 3614 ,
172 3566 271 3636 causis,
300 3564 395 3620 abhis
418 3565 540 3636 primum
566 3566 682 3620 existere
707 3581 802 3618 earum
827 3550 940 3636 sesnina,
964 3564 1004 3619 sio
1022 3573 1112 3624 tamen
1132 3573 1160 3619 ut

172 3658 275 3712 lateant
301 3653 380 3729 quasi
403 3663 484 3708 utero
509 3654 629 3728 quodam
653 3663 765 3726 excepta
784 3651 983 3728 oolsibiteqne,‘
1000 3671 1052 3708 nec
1070 3653 1160 3708 adhue

171 3746 230 3800 ulla
248 3743 290 3800 sui
313 3754 392 3817 parte
419 3743 557 3818 prodeant
584 3773 616 3786 -
646 3759 700 3817 qna
728 3735 869 3796 notatione
895 3741 1030 3798 alluditur
1053 3736 1089 3797 asi
1117 3761 1159 3798 eos

171 3843 264 3892 tomas
282 3834 433 3906 anhelitus,
456 3831 505 3908 qui
524 3831 554 3888 in
572 3831 674 3890 nubem
691 3831 803 3889 densum
821 3829 913 3906 illapsi
931 3831 1026 3888 saltem
1043 3831 1080 3888 ad
1098 3841 1160 3889 tam·
