<?xml version="1.0" encoding="UTF-8"?>
<!DOCTYPE html PUBLIC "-//W3C//DTD XHTML 1.0 Transitional//EN"
    "http://www.w3.org/TR/xhtml1/DTD/xhtml1-transitional.dtd">
<html xmlns="http://www.w3.org/1999/xhtml" xml:lang="en" lang="en">
 <head>
  <title>
</title>
<meta http-equiv="Content-Type" content="text/html;charset=utf-8" />
  <meta name='ocr-system' content='tesseract 3.04.00' />
  <meta name='ocr-capabilities' content='ocr_page ocr_carea ocr_par ocr_line ocrx_word'/>
</head>
<body>
  <div class='ocr_page' id='page_1' title='image "./ykingantiquissi00mohlgoog_0885.png"; bbox 0 0 2546 4274; ppageno 0'>
   <div class='ocr_carea' id='block_1_1' title="bbox 161 165 1205 1106">
    <p class='ocr_par' dir='ltr' id='par_1_1' title="bbox 161 165 1205 1106">
     <span class='ocr_line' id='line_1_1' title="bbox 550 165 831 232; baseline 0 0"><span class='ocrx_word' id='word_1_1' title='bbox 550 199 595 216; x_wconf 93' lang='lat'>-</span> <span class='ocrx_word' id='word_1_2' title='bbox 658 165 723 232; x_wconf 81' lang='lat' dir='ltr'><strong>ete</strong></span> <span class='ocrx_word' id='word_1_3' title='bbox 786 199 831 220; x_wconf 76' lang='grc' dir='ltr'><strong>ι-</strong></span> 
     </span>
     <span class='ocr_line' id='line_1_2' title="bbox 202 292 1205 391; baseline 0 -15"><span class='ocrx_word' id='word_1_4' title='bbox 202 333 280 376; x_wconf 87' lang='lat' dir='ltr'><strong>tarrae</strong></span> <span class='ocrx_word' id='word_1_5' title='bbox 301 331 314 378; x_wconf 78' lang='lat' dir='ltr'><strong>e</strong></span> <span class='ocrx_word' id='word_1_6' title='bbox 334 333 359 378; x_wconf 87' lang='lat' dir='ltr'><strong>et</strong></span> <span class='ocrx_word' id='word_1_7' title='bbox 379 292 428 378; x_wconf 45' lang='lat' dir='ltr'><strong>tos</strong></span> <span class='ocrx_word' id='word_1_8' title='bbox 456 321 504 376; x_wconf 88' lang='lat' dir='ltr'><strong>Sed</strong></span> <span class='ocrx_word' id='word_1_9' title='bbox 526 321 594 374; x_wconf 74' lang='lat' dir='ltr'><strong>Pisto</strong></span> <span class='ocrx_word' id='word_1_10' title='bbox 611 319 765 375; x_wconf 79' lang='lat' dir='ltr'><strong>numeiorr.</strong></span> <span class='ocrx_word' id='word_1_11' title='bbox 784 339 808 391; x_wconf 69' lang='lat' dir='ltr'><strong>g.</strong></span> <span class='ocrx_word' id='word_1_12' title='bbox 827 330 852 376; x_wconf 85' lang='lat' dir='ltr'><strong>e.</strong></span> <span class='ocrx_word' id='word_1_13' title='bbox 870 327 896 372; x_wconf 86' lang='lat' dir='ltr'><strong>et</strong></span> <span class='ocrx_word' id='word_1_14' title='bbox 914 327 938 374; x_wconf 86' lang='lat' dir='ltr'><strong>e.</strong></span> <span class='ocrx_word' id='word_1_15' title='bbox 963 319 1090 374; x_wconf 75' lang='lat' dir='ltr'><strong>eneatart</strong></span> <span class='ocrx_word' id='word_1_16' title='bbox 1108 323 1205 376; x_wconf 73' lang='lat' dir='ltr'><strong>nanti</strong></span> 
     </span>
     <span class='ocr_line' id='line_1_3' title="bbox 200 408 1203 482; baseline 0 -18"><span class='ocrx_word' id='word_1_17' title='bbox 200 411 294 482; x_wconf 70' lang='lat' dir='ltr'><strong>figurae</strong></span> <span class='ocrx_word' id='word_1_18' title='bbox 319 411 407 464; x_wconf 80' lang='lat' dir='ltr'><strong>tribuit</strong></span> <span class='ocrx_word' id='word_1_19' title='bbox 429 411 492 480; x_wconf 78' lang='lat' dir='ltr'><strong>quod</strong></span> <span class='ocrx_word' id='word_1_20' title='bbox 515 411 564 460; x_wconf 87' lang='lat' dir='ltr'><strong>sint</strong></span> <span class='ocrx_word' id='word_1_21' title='bbox 582 412 678 462; x_wconf 85' lang='lat' dir='ltr'><strong>numeri</strong></span> <span class='ocrx_word' id='word_1_22' title='bbox 703 415 743 469; x_wconf 82' lang='lat' dir='ltr'><strong>(nt</strong></span> <span class='ocrx_word' id='word_1_23' title='bbox 766 408 901 478; x_wconf 78' lang='lat' dir='ltr'><strong>lequuntur</strong></span> <span class='ocrx_word' id='word_1_24' title='bbox 920 409 1078 462; x_wconf 80' lang='lat' dir='ltr'><strong>srithmetiei</strong></span> <span class='ocrx_word' id='word_1_25' title='bbox 1103 414 1203 472; x_wconf 66' lang='lat' dir='ltr'><strong>matrs)</strong></span> 
     </span>
     <span class='ocr_line' id='line_1_4' title="bbox 201 485 1201 571; baseline 0 -19"><span class='ocrx_word' id='word_1_26' title='bbox 201 499 348 571; x_wconf 81' lang='lat' dir='ltr'><strong>circuierep,</strong></span> <span class='ocrx_word' id='word_1_27' title='bbox 367 498 507 567; x_wconf 65' lang='lat' dir='ltr'><strong>radicesque</strong></span> <span class='ocrx_word' id='word_1_28' title='bbox 525 492 706 568; x_wconf 78' lang='lat' dir='ltr'><strong>sphaericorum</strong></span> <span class='ocrx_word' id='word_1_29' title='bbox 725 509 757 553; x_wconf 73' lang='lat' dir='ltr'><strong>ts</strong></span> <span class='ocrx_word' id='word_1_30' title='bbox 777 507 802 550; x_wconf 87' lang='lat' dir='ltr'><strong>et</strong></span> <span class='ocrx_word' id='word_1_31' title='bbox 821 499 861 553; x_wconf 64' lang='grc' dir='ltr'><strong>ὅθ’.</strong></span> <span class='ocrx_word' id='word_1_32' title='bbox 896 485 1092 568; x_wconf 67' lang='lat' dir='ltr'><strong>(insenum</strong></span> <span class='ocrx_word' id='word_1_33' title='bbox 1110 501 1201 568; x_wconf 74' lang='lat' dir='ltr'><strong>inpr&#39;r</strong></span> 
     </span>
     <span class='ocr_line' id='line_1_5' title="bbox 197 587 1201 658; baseline 0.003 -18"><span class='ocrx_word' id='word_1_34' title='bbox 197 590 244 640; x_wconf 88' lang='lat' dir='ltr'><strong>mis</strong></span> <span class='ocrx_word' id='word_1_35' title='bbox 261 591 346 642; x_wconf 88' lang='lat' dir='ltr'><strong>mundi</strong></span> <span class='ocrx_word' id='word_1_36' title='bbox 363 587 511 658; x_wconf 72' lang='lat' dir='ltr'><strong>plenitudini</strong></span> <span class='ocrx_word' id='word_1_37' title='bbox 529 589 660 638; x_wconf 83' lang='lat' dir='ltr'><strong>convenire</strong></span> <span class='ocrx_word' id='word_1_38' title='bbox 679 587 759 652; x_wconf 84' lang='lat' dir='ltr'><strong>docet,</strong></span> <span class='ocrx_word' id='word_1_39' title='bbox 778 587 863 654; x_wconf 85' lang='lat' dir='ltr'><strong>impiet</strong></span> <span class='ocrx_word' id='word_1_40' title='bbox 879 588 1201 650; x_wconf 78' lang='lat' dir='ltr'><strong>eata·(aa&#39;aat1’tataaiei)</strong></span> 
     </span>
     <span class='ocr_line' id='line_1_6' title="bbox 161 671 1198 744; baseline -0.006 -14"><span class='ocrx_word' id='word_1_41' title='bbox 161 677 163 685; x_wconf 81' lang='grc'><em>’</em></span> <span class='ocrx_word' id='word_1_42' title='bbox 196 679 294 730; x_wconf 83' lang='lat' dir='ltr'><strong>omnem</strong></span> <span class='ocrx_word' id='word_1_43' title='bbox 311 691 466 730; x_wconf 72' lang='lat' dir='ltr'><strong>numerorum</strong></span> <span class='ocrx_word' id='word_1_44' title='bbox 483 671 652 728; x_wconf 70' lang='lat' dir='ltr'><strong>uffenatna&#39;</strong></span> <span class='ocrx_word' id='word_1_45' title='bbox 670 677 744 744; x_wconf 81' lang='lat' dir='ltr'><strong>primi</strong></span> <span class='ocrx_word' id='word_1_46' title='bbox 758 675 855 726; x_wconf 85' lang='lat' dir='ltr'><strong>scilieet</strong></span> <span class='ocrx_word' id='word_1_47' title='bbox 875 675 941 744; x_wconf 81' lang='lat' dir='ltr'><strong>paris</strong></span> <span class='ocrx_word' id='word_1_48' title='bbox 958 685 984 726; x_wconf 88' lang='lat' dir='ltr'><strong>et</strong></span> <span class='ocrx_word' id='word_1_49' title='bbox 1001 673 1121 743; x_wconf 80' lang='lat' dir='ltr'><strong>imparis.</strong></span> <span class='ocrx_word' id='word_1_50' title='bbox 1151 680 1198 730; x_wconf 66' lang='lat' dir='ltr'><strong>lar</strong></span> 
     </span>
     <span class='ocr_line' id='line_1_7' title="bbox 198 751 1197 836; baseline 0.001 -17"><span class='ocrx_word' id='word_1_51' title='bbox 198 767 252 834; x_wconf 84' lang='lat' dir='ltr'><strong>plat</strong></span> <span class='ocrx_word' id='word_1_52' title='bbox 271 777 295 819; x_wconf 88' lang='lat' dir='ltr'><strong>et</strong></span> <span class='ocrx_word' id='word_1_53' title='bbox 313 765 446 836; x_wconf 80' lang='lat' dir='ltr'><strong>simplicem</strong></span> <span class='ocrx_word' id='word_1_54' title='bbox 463 761 596 832; x_wconf 85' lang='lat' dir='ltr'><strong>primorum</strong></span> <span class='ocrx_word' id='word_1_55' title='bbox 614 778 769 816; x_wconf 75' lang='lat' dir='ltr'><strong>nummorum</strong></span> <span class='ocrx_word' id='word_1_56' title='bbox 784 751 994 835; x_wconf 63' lang='lat' dir='ltr'><strong>progressionem</strong></span> <span class='ocrx_word' id='word_1_57' title='bbox 1014 773 1130 833; x_wconf 72' lang='lat' dir='ltr'><strong>quatur</strong></span> <span class='ocrx_word' id='word_1_58' title='bbox 1150 777 1197 820; x_wconf 74' lang='lat' dir='ltr'><strong>ter</strong></span> 
     </span>
     <span class='ocr_line' id='line_1_8' title="bbox 199 847 1194 930; baseline 0 -21"><span class='ocrx_word' id='word_1_59' title='bbox 199 859 272 909; x_wconf 85' lang='lat' dir='ltr'><strong>minis</strong></span> <span class='ocrx_word' id='word_1_60' title='bbox 290 855 389 923; x_wconf 79' lang='lat' dir='ltr'><strong>expiens</strong></span> <span class='ocrx_word' id='word_1_61' title='bbox 409 865 431 905; x_wconf 87' lang='lat' dir='ltr'><strong>t.</strong></span> <span class='ocrx_word' id='word_1_62' title='bbox 452 865 476 906; x_wconf 81' lang='lat' dir='ltr'><strong>t.</strong></span> <span class='ocrx_word' id='word_1_63' title='bbox 497 865 519 909; x_wconf 76' lang='lat' dir='ltr'><strong>e.</strong></span> <span class='ocrx_word' id='word_1_64' title='bbox 541 863 564 908; x_wconf 90' lang='lat' dir='ltr'><strong>t.</strong></span> <span class='ocrx_word' id='word_1_65' title='bbox 583 847 708 930; x_wconf 75' lang='lat' dir='ltr'><strong>denarium</strong></span> <span class='ocrx_word' id='word_1_66' title='bbox 726 853 812 922; x_wconf 78' lang='lat' dir='ltr'><strong>impiet</strong></span> <span class='ocrx_word' id='word_1_67' title='bbox 835 855 1194 922; x_wconf 77' lang='lat' dir='ltr'><strong>prooettemdimemsioasum,</strong></span> 
     </span>
     <span class='ocr_line' id='line_1_9' title="bbox 199 939 1193 1016; baseline 0.002 -21"><span class='ocrx_word' id='word_1_68' title='bbox 199 943 299 1012; x_wconf 80' lang='lat' dir='ltr'><strong>punpti,</strong></span> <span class='ocrx_word' id='word_1_69' title='bbox 317 941 397 1016; x_wconf 69' lang='lat' dir='ltr'><strong>longi,</strong></span> <span class='ocrx_word' id='word_1_70' title='bbox 416 939 473 1006; x_wconf 79' lang='lat' dir='ltr'><strong>itti,</strong></span> <span class='ocrx_word' id='word_1_71' title='bbox 491 943 621 1010; x_wconf 82' lang='lat' dir='ltr'><strong>profundi,</strong></span> <span class='ocrx_word' id='word_1_72' title='bbox 639 943 725 1010; x_wconf 85' lang='lat' dir='ltr'><strong>in&#39;spiet</strong></span> <span class='ocrx_word' id='word_1_73' title='bbox 741 943 857 994; x_wconf 87' lang='lat' dir='ltr'><strong>musicam</strong></span> <span class='ocrx_word' id='word_1_74' title='bbox 875 944 1077 1007; x_wconf 73' lang='lat' dir='ltr'><strong>conwnsntiam,</strong></span> <span class='ocrx_word' id='word_1_75' title='bbox 1107 945 1193 1016; x_wconf 81' lang='lat' dir='ltr'><strong>diapa-</strong></span> 
     </span>
     <span class='ocr_line' id='line_1_10' title="bbox 197 1019 1191 1106; baseline -0.002 -20"><span class='ocrx_word' id='word_1_76' title='bbox 197 1019 253 1098; x_wconf 60' lang='lat' dir='ltr'><strong>son,</strong></span> <span class='ocrx_word' id='word_1_77' title='bbox 273 1033 435 1106; x_wconf 75' lang='lat' dir='ltr'><strong>disdiapente‚</strong></span> <span class='ocrx_word' id='word_1_78' title='bbox 464 1034 591 1100; x_wconf 75' lang='lat' dir='ltr'><strong>diapente,</strong></span> <span class='ocrx_word' id='word_1_79' title='bbox 611 1033 774 1094; x_wconf 73' lang='lat' dir='ltr'><strong>diatesseron,</strong></span> <span class='ocrx_word' id='word_1_80' title='bbox 801 1031 886 1098; x_wconf 88' lang='lat' dir='ltr'><strong>impiet</strong></span> <span class='ocrx_word' id='word_1_81' title='bbox 902 1031 1104 1096; x_wconf 83' lang='lat' dir='ltr'><strong>elementer-scm,</strong></span> <span class='ocrx_word' id='word_1_82' title='bbox 1124 1051 1191 1102; x_wconf 75' lang='lat' dir='ltr'><strong>quae</strong></span> 
     </span>
    </p>
   </div>
   <div class='ocr_carea' id='block_1_2' title="bbox 46 1116 1190 1190">
    <p class='ocr_par' dir='ltr' id='par_1_2' title="bbox 46 1116 1190 1190">
     <span class='ocr_line' id='line_1_11' title="bbox 46 1116 1190 1190; baseline 0.003 -19"><span class='ocrx_word' id='word_1_83' title='bbox 46 1169 49 1180; x_wconf 87' lang='grc'>,</span> <span class='ocrx_word' id='word_1_84' title='bbox 123 1133 127 1138; x_wconf 91' lang='grc'><strong><em>·</em></strong></span> <span class='ocrx_word' id='word_1_85' title='bbox 195 1116 299 1190; x_wconf 60' lang='lat' dir='ltr'><strong>&#39;quatuor</strong></span> <span class='ocrx_word' id='word_1_86' title='bbox 316 1129 386 1183; x_wconf 89' lang='lat' dir='ltr'><strong>sunt,</strong></span> <span class='ocrx_word' id='word_1_87' title='bbox 404 1121 598 1182; x_wconf 77' lang='lat' dir='ltr'><strong>universitatem,</strong></span> <span class='ocrx_word' id='word_1_88' title='bbox 616 1117 703 1187; x_wconf 87' lang='lat' dir='ltr'><strong>impiet</strong></span> <span class='ocrx_word' id='word_1_89' title='bbox 719 1135 764 1188; x_wconf 89' lang='lat' dir='ltr'><strong>per</strong></span> <span class='ocrx_word' id='word_1_90' title='bbox 780 1129 883 1188; x_wconf 84' lang='lat' dir='ltr'><strong>quatuor</strong></span> <span class='ocrx_word' id='word_1_91' title='bbox 899 1127 1055 1186; x_wconf 83' lang='lat' dir='ltr'><strong>tempestates</strong></span> <span class='ocrx_word' id='word_1_92' title='bbox 1075 1131 1190 1190; x_wconf 80' lang='lat' dir='ltr'><strong>tempera</strong></span> 
     </span>
    </p>
   </div>
   <div class='ocr_carea' id='block_1_3' title="bbox 129 1197 1187 2616">
    <p class='ocr_par' dir='ltr' id='par_1_3' title="bbox 129 1197 1187 2616">
     <span class='ocr_line' id='line_1_12' title="bbox 129 1197 1187 1278; baseline 0.003 -17"><span class='ocrx_word' id='word_1_93' title='bbox 129 1197 135 1222; x_wconf 72' lang='lat' dir='ltr'><strong>s</strong></span> <span class='ocrx_word' id='word_1_94' title='bbox 197 1220 244 1266; x_wconf 86' lang='lat' dir='ltr'><strong>etc.</strong></span> <span class='ocrx_word' id='word_1_95' title='bbox 276 1211 367 1260; x_wconf 85' lang='lat' dir='ltr'><strong>Contra</strong></span> <span class='ocrx_word' id='word_1_96' title='bbox 384 1228 398 1260; x_wconf 89' lang='lat' dir='ltr'><strong>a</strong></span> <span class='ocrx_word' id='word_1_97' title='bbox 415 1210 481 1263; x_wconf 86' lang='lat' dir='ltr'><strong>Sinis</strong></span> <span class='ocrx_word' id='word_1_98' title='bbox 499 1211 551 1262; x_wconf 87' lang='lat' dir='ltr'><strong>istit</strong></span> <span class='ocrx_word' id='word_1_99' title='bbox 569 1210 635 1260; x_wconf 82' lang='lat' dir='ltr'><strong>sitiet</strong></span> <span class='ocrx_word' id='word_1_100' title='bbox 653 1218 665 1263; x_wconf 85' lang='lat' dir='ltr'><strong>i</strong></span> <span class='ocrx_word' id='word_1_101' title='bbox 685 1208 763 1260; x_wconf 80' lang='lat' dir='ltr'><strong>tribui</strong></span> <span class='ocrx_word' id='word_1_102' title='bbox 779 1209 930 1278; x_wconf 71' lang='lat' dir='ltr'><strong>generationi</strong></span> <span class='ocrx_word' id='word_1_103' title='bbox 947 1207 1024 1262; x_wconf 82' lang='lat' dir='ltr'><strong>rolina</strong></span> <span class='ocrx_word' id='word_1_104' title='bbox 1042 1211 1153 1274; x_wconf 79' lang='lat' dir='ltr'><strong>metalli,</strong></span> <span class='ocrx_word' id='word_1_105' title='bbox 1174 1222 1187 1264; x_wconf 82' lang='lat' dir='ltr'><strong>e</strong></span> 
     </span>
     <span class='ocr_line' id='line_1_13' title="bbox 195 1297 1187 1382; baseline 0.002 -32"><span class='ocrx_word' id='word_1_106' title='bbox 195 1314 227 1350; x_wconf 86' lang='lat' dir='ltr'><strong>ne</strong></span> <span class='ocrx_word' id='word_1_107' title='bbox 244 1297 342 1363; x_wconf 82' lang='lat' dir='ltr'><strong>quidem</strong></span> <span class='ocrx_word' id='word_1_108' title='bbox 359 1299 423 1350; x_wconf 90' lang='lat' dir='ltr'><strong>inter</strong></span> <span class='ocrx_word' id='word_1_109' title='bbox 441 1297 555 1350; x_wconf 83' lang='lat' dir='ltr'><strong>coelestes</strong></span> <span class='ocrx_word' id='word_1_110' title='bbox 580 1315 692 1350; x_wconf 87' lang='lat' dir='ltr'><strong>numeros</strong></span> <span class='ocrx_word' id='word_1_111' title='bbox 708 1300 833 1364; x_wconf 86' lang='lat' dir='ltr'><strong>reputari,</strong></span> <span class='ocrx_word' id='word_1_112' title='bbox 859 1313 905 1349; x_wconf 82' lang='lat' dir='ltr'><strong>nee</strong></span> <span class='ocrx_word' id='word_1_113' title='bbox 936 1299 1000 1350; x_wconf 70' lang='lat' dir='ltr'><strong>ted</strong></span> <span class='ocrx_word' id='word_1_114' title='bbox 1019 1309 1051 1352; x_wconf 66' lang='grc' dir='ltr'><strong>ῖς</strong></span> <span class='ocrx_word' id='word_1_115' title='bbox 1084 1301 1187 1382; x_wconf 67' lang='lat' dir='ltr'><strong>quintu-</strong></span> 
     </span>
     <span class='ocr_line' id='line_1_14' title="bbox 195 1383 1186 1456; baseline 0.001 -21"><span class='ocrx_word' id='word_1_116' title='bbox 195 1383 263 1454; x_wconf 82' lang='lat' dir='ltr'><strong>pipm</strong></span> <span class='ocrx_word' id='word_1_117' title='bbox 281 1387 323 1436; x_wconf 86' lang='lat' dir='ltr'><strong>sed</strong></span> <span class='ocrx_word' id='word_1_118' title='bbox 335 1393 355 1438; x_wconf 87' lang='lat' dir='ltr'><strong>&#39;a</strong></span> <span class='ocrx_word' id='word_1_119' title='bbox 375 1399 405 1442; x_wconf 85' lang='lat' dir='ltr'><strong>to</strong></span> <span class='ocrx_word' id='word_1_120' title='bbox 425 1387 525 1455; x_wconf 86' lang='lat' dir='ltr'><strong>dapium</strong></span> <span class='ocrx_word' id='word_1_121' title='bbox 551 1388 646 1440; x_wconf 81' lang='lat' dir='ltr'><strong>referri.</strong></span> <span class='ocrx_word' id='word_1_122' title='bbox 676 1385 831 1438; x_wconf 85' lang='lat' dir='ltr'><strong>Ca&#39;etarorum</strong></span> <span class='ocrx_word' id='word_1_123' title='bbox 847 1387 910 1438; x_wconf 87' lang='lat' dir='ltr'><strong>ratio</strong></span> <span class='ocrx_word' id='word_1_124' title='bbox 926 1385 1035 1454; x_wconf 64' lang='lat' dir='ltr'><strong>pretini</strong></span> <span class='ocrx_word' id='word_1_125' title='bbox 1049 1387 1085 1440; x_wconf 88' lang='lat' dir='ltr'><strong>ad</strong></span> <span class='ocrx_word' id='word_1_126' title='bbox 1102 1395 1186 1456; x_wconf 61' lang='lat' dir='ltr'><strong>proxi.</strong></span> 
     </span>
     <span class='ocr_line' id='line_1_15' title="bbox 193 1474 1185 1546; baseline 0.007 -23"><span class='ocrx_word' id='word_1_127' title='bbox 193 1491 260 1524; x_wconf 90' lang='lat' dir='ltr'><strong>mum</strong></span> <span class='ocrx_word' id='word_1_128' title='bbox 277 1493 339 1542; x_wconf 88' lang='lat' dir='ltr'><strong>pure</strong></span> <span class='ocrx_word' id='word_1_129' title='bbox 357 1477 509 1528; x_wconf 73' lang='lat' dir='ltr'><strong>arithmetice</strong></span> <span class='ocrx_word' id='word_1_130' title='bbox 527 1485 574 1542; x_wconf 88' lang='lat' dir='ltr'><strong>eat,</strong></span> <span class='ocrx_word' id='word_1_131' title='bbox 592 1475 698 1546; x_wconf 84' lang='lat' dir='ltr'><strong>oppositi</strong></span> <span class='ocrx_word' id='word_1_132' title='bbox 714 1475 745 1526; x_wconf 86' lang='lat' dir='ltr'><strong>ad</strong></span> <span class='ocrx_word' id='word_1_133' title='bbox 763 1477 912 1544; x_wconf 86' lang='lat' dir='ltr'><strong>oppositum,</strong></span> <span class='ocrx_word' id='word_1_134' title='bbox 931 1491 964 1526; x_wconf 87' lang='lat' dir='ltr'><strong>ne</strong></span> <span class='ocrx_word' id='word_1_135' title='bbox 982 1474 1104 1543; x_wconf 68' lang='lat' dir='ltr'><strong>quidem,</strong></span> <span class='ocrx_word' id='word_1_136' title='bbox 1123 1480 1185 1534; x_wconf 79' lang='lat' dir='ltr'><strong>lieet</strong></span> 
     </span>
     <span class='ocr_line' id='line_1_16' title="bbox 192 1561 1183 1630; baseline 0.006 -18"><span class='ocrx_word' id='word_1_137' title='bbox 192 1561 259 1614; x_wconf 87' lang='lat' dir='ltr'><strong>inter</strong></span> <span class='ocrx_word' id='word_1_138' title='bbox 279 1574 306 1628; x_wconf 85' lang='lat'><strong>5,</strong></span> <span class='ocrx_word' id='word_1_139' title='bbox 326 1573 419 1618; x_wconf 88' lang='lat' dir='ltr'><strong>tantum</strong></span> <span class='ocrx_word' id='word_1_140' title='bbox 438 1567 548 1618; x_wconf 86' lang='lat' dir='ltr'><strong>terminis</strong></span> <span class='ocrx_word' id='word_1_141' title='bbox 566 1565 692 1626; x_wconf 83' lang='lat' dir='ltr'><strong>consistat,</strong></span> <span class='ocrx_word' id='word_1_142' title='bbox 712 1571 771 1630; x_wconf 87' lang='lat' dir='ltr'><strong>quot</strong></span> <span class='ocrx_word' id='word_1_143' title='bbox 788 1563 883 1616; x_wconf 84' lang='lat' dir='ltr'><strong>scilieet</strong></span> <span class='ocrx_word' id='word_1_144' title='bbox 899 1563 1024 1616; x_wconf 73' lang='lat' dir='ltr'><strong>numedari</strong></span> <span class='ocrx_word' id='word_1_145' title='bbox 1041 1567 1127 1623; x_wconf 81' lang='lat' dir='ltr'><strong>soient</strong></span> <span class='ocrx_word' id='word_1_146' title='bbox 1148 1589 1183 1622; x_wconf 76' lang='lat' dir='ltr'><strong>re·</strong></span> 
     </span>
     <span class='ocr_line' id='line_1_17' title="bbox 190 1652 1180 1724; baseline 0.001 -20"><span class='ocrx_word' id='word_1_147' title='bbox 190 1669 245 1704; x_wconf 90' lang='lat' dir='ltr'><strong>rum</strong></span> <span class='ocrx_word' id='word_1_148' title='bbox 263 1671 354 1724; x_wconf 70' lang='lat' dir='ltr'><strong>genera</strong></span> <span class='ocrx_word' id='word_1_149' title='bbox 371 1656 483 1724; x_wconf 75' lang='lat' dir='ltr'><strong>vitaeque</strong></span> <span class='ocrx_word' id='word_1_150' title='bbox 509 1653 643 1707; x_wconf 89' lang='lat' dir='ltr'><strong>communis</strong></span> <span class='ocrx_word' id='word_1_151' title='bbox 661 1653 792 1714; x_wconf 72' lang='lat' dir='ltr'><strong>elemento,</strong></span> <span class='ocrx_word' id='word_1_152' title='bbox 815 1653 851 1704; x_wconf 86' lang='lat' dir='ltr'><strong>uti</strong></span> <span class='ocrx_word' id='word_1_153' title='bbox 874 1652 967 1704; x_wconf 85' lang='lat' dir='ltr'><strong>dictum</strong></span> <span class='ocrx_word' id='word_1_154' title='bbox 985 1657 1143 1710; x_wconf 70' lang='lat' dir='ltr'><strong>est‘diasert.</strong></span> <span class='ocrx_word' id='word_1_155' title='bbox 1161 1657 1180 1712; x_wconf 82' lang='grc' dir='ltr'><strong>Ι,</strong></span> 
     </span>
     <span class='ocr_line' id='line_1_18' title="bbox 190 1739 1181 1812; baseline 0.002 -17"><span class='ocrx_word' id='word_1_156' title='bbox 190 1741 349 1797; x_wconf 81' lang='lat' dir='ltr'><strong>Econtrario</strong></span> <span class='ocrx_word' id='word_1_157' title='bbox 375 1761 404 1796; x_wconf 84' lang='lat' dir='ltr'><strong>ex</strong></span> <span class='ocrx_word' id='word_1_158' title='bbox 429 1753 533 1812; x_wconf 84' lang='lat' dir='ltr'><strong>quatuor</strong></span> <span class='ocrx_word' id='word_1_159' title='bbox 557 1742 683 1794; x_wconf 84' lang='lat' dir='ltr'><strong>elementis</strong></span> <span class='ocrx_word' id='word_1_160' title='bbox 708 1739 838 1808; x_wconf 71' lang='lat' dir='ltr'><strong>mistorum</strong></span> <span class='ocrx_word' id='word_1_161' title='bbox 861 1741 1009 1811; x_wconf 72' lang='lat' dir='ltr'><strong>geometrica</strong></span> <span class='ocrx_word' id='word_1_162' title='bbox 1032 1743 1181 1800; x_wconf 73' lang='lat' dir='ltr'><strong>harmonion</strong></span> 
     </span>
     <span class='ocr_line' id='line_1_19' title="bbox 191 1827 1179 1906; baseline 0.004 -24"><span class='ocrx_word' id='word_1_163' title='bbox 191 1849 240 1899; x_wconf 87' lang='lat' dir='ltr'><strong>que</strong></span> <span class='ocrx_word' id='word_1_164' title='bbox 257 1833 362 1883; x_wconf 86' lang='lat' dir='ltr'><strong>invicem</strong></span> <span class='ocrx_word' id='word_1_165' title='bbox 381 1833 475 1883; x_wconf 89' lang='lat' dir='ltr'><strong>ratione</strong></span> <span class='ocrx_word' id='word_1_166' title='bbox 493 1831 630 1896; x_wconf 82' lang='lat' dir='ltr'><strong>conjunctis</strong></span> <span class='ocrx_word' id='word_1_167' title='bbox 648 1829 733 1880; x_wconf 85' lang='lat' dir='ltr'><strong>mundi</strong></span> <span class='ocrx_word' id='word_1_168' title='bbox 742 1827 1179 1906; x_wconf 72' lang='lat' dir='ltr'><strong>mechinsm&#39;cemponunt&#39;i’iatonici</strong></span> 
     </span>
     <span class='ocr_line' id='line_1_20' title="bbox 190 1914 1178 1989; baseline 0.003 -19"><span class='ocrx_word' id='word_1_169' title='bbox 190 1929 215 1971; x_wconf 87' lang='lat' dir='ltr'><strong>et</strong></span> <span class='ocrx_word' id='word_1_170' title='bbox 232 1919 396 1988; x_wconf 71' lang='lat' dir='ltr'><strong>Pythagorici</strong></span> <span class='ocrx_word' id='word_1_171' title='bbox 431 1915 518 1986; x_wconf 80' lang='lat' dir='ltr'><strong>Neque</strong></span> <span class='ocrx_word' id='word_1_172' title='bbox 536 1917 602 1968; x_wconf 87' lang='lat' dir='ltr'><strong>enim</strong></span> <span class='ocrx_word' id='word_1_173' title='bbox 621 1919 677 1968; x_wconf 88' lang='lat' dir='ltr'><strong>dum</strong></span> <span class='ocrx_word' id='word_1_174' title='bbox 695 1914 725 1969; x_wconf 89' lang='lat' dir='ltr'><strong>de</strong></span> <span class='ocrx_word' id='word_1_175' title='bbox 742 1919 850 1969; x_wconf 83' lang='lat' dir='ltr'><strong>numeris</strong></span> <span class='ocrx_word' id='word_1_176' title='bbox 868 1919 906 1969; x_wconf 81' lang='lat' dir='ltr'><strong>isia</strong></span> <span class='ocrx_word' id='word_1_177' title='bbox 923 1921 1012 1989; x_wconf 67' lang='lat' dir='ltr'><strong>tig&#39;unt,</strong></span> <span class='ocrx_word' id='word_1_178' title='bbox 1041 1929 1125 1974; x_wconf 61' lang='lat' dir='ltr'><strong>unni</strong></span> <span class='ocrx_word' id='word_1_179' title='bbox 1144 1936 1178 1976; x_wconf 83' lang='lat' dir='ltr'><strong>est</strong></span> 
     </span>
     <span class='ocr_line' id='line_1_21' title="bbox 191 2003 1177 2076; baseline 0.005 -17"><span class='ocrx_word' id='word_1_180' title='bbox 191 2007 221 2059; x_wconf 83' lang='lat' dir='ltr'><strong>da</strong></span> <span class='ocrx_word' id='word_1_181' title='bbox 239 2009 362 2058; x_wconf 73' lang='lat' dir='ltr'><strong>creatione</strong></span> <span class='ocrx_word' id='word_1_182' title='bbox 379 2007 494 2057; x_wconf 88' lang='lat' dir='ltr'><strong>materiae</strong></span> <span class='ocrx_word' id='word_1_183' title='bbox 512 2007 664 2076; x_wconf 85' lang='lat' dir='ltr'><strong>partiumque</strong></span> <span class='ocrx_word' id='word_1_184' title='bbox 682 2007 854 2075; x_wconf 85' lang='lat' dir='ltr'><strong>dispositione,</strong></span> <span class='ocrx_word' id='word_1_185' title='bbox 880 2003 927 2074; x_wconf 76' lang='lat' dir='ltr'><strong>qua</strong></span> <span class='ocrx_word' id='word_1_186' title='bbox 949 2007 1069 2061; x_wconf 73' lang='lat' dir='ltr'><strong>cediderit</strong></span> <span class='ocrx_word' id='word_1_187' title='bbox 1090 2011 1177 2064; x_wconf 71' lang='lat' dir='ltr'><strong>mund</strong></span> 
     </span>
     <span class='ocr_line' id='line_1_22' title="bbox 192 2080 1177 2172; baseline 0.002 -24"><span class='ocrx_word' id='word_1_188' title='bbox 192 2080 264 2162; x_wconf 79' lang='lat' dir='ltr'><strong>hujus</strong></span> <span class='ocrx_word' id='word_1_189' title='bbox 283 2096 403 2147; x_wconf 86' lang='lat' dir='ltr'><strong>machine</strong></span> <span class='ocrx_word' id='word_1_190' title='bbox 426 2096 505 2148; x_wconf 89' lang='lat' dir='ltr'><strong>Deum</strong></span> <span class='ocrx_word' id='word_1_191' title='bbox 529 2096 650 2164; x_wconf 85' lang='lat' dir='ltr'><strong>siquidem</strong></span> <span class='ocrx_word' id='word_1_192' title='bbox 676 2111 741 2158; x_wconf 85' lang='lat' dir='ltr'><strong>esse,</strong></span> <span class='ocrx_word' id='word_1_193' title='bbox 770 2096 915 2172; x_wconf 77' lang='lat' dir='ltr'><strong>mundanam</strong></span> <span class='ocrx_word' id='word_1_194' title='bbox 930 2089 1060 2150; x_wconf 79' lang='lat' dir='ltr'><strong>materiem</strong></span> <span class='ocrx_word' id='word_1_195' title='bbox 1081 2117 1177 2171; x_wconf 76' lang='lat' dir='ltr'><strong>semper·</strong></span> 
     </span>
     <span class='ocr_line' id='line_1_23' title="bbox 190 2179 1174 2257; baseline 0.002 -21"><span class='ocrx_word' id='word_1_196' title='bbox 190 2183 245 2242; x_wconf 75' lang='lat' dir='ltr'><strong>fieri</strong></span> <span class='ocrx_word' id='word_1_197' title='bbox 264 2185 335 2236; x_wconf 85' lang='lat' dir='ltr'><strong>docet</strong></span> <span class='ocrx_word' id='word_1_198' title='bbox 352 2183 432 2252; x_wconf 84' lang='lat' dir='ltr'><strong>Pisto,</strong></span> <span class='ocrx_word' id='word_1_199' title='bbox 460 2183 560 2235; x_wconf 85' lang='lat' dir='ltr'><strong>testibus</strong></span> <span class='ocrx_word' id='word_1_200' title='bbox 581 2179 724 2236; x_wconf 83' lang='lat' dir='ltr'><strong>Platonicis</strong></span> <span class='ocrx_word' id='word_1_201' title='bbox 735 2185 865 2247; x_wconf 74' lang='lat' dir='ltr'><strong>Crantore,</strong></span> <span class='ocrx_word' id='word_1_202' title='bbox 888 2183 1009 2248; x_wconf 81' lang='lat' dir='ltr'><strong>Plotino&#39;,</strong></span> <span class='ocrx_word' id='word_1_203' title='bbox 1026 2187 1174 2257; x_wconf 59' lang='lat' dir='ltr'><strong>Porphyria</strong></span> 
     </span>
     <span class='ocr_line' id='line_1_24' title="bbox 185 2255 1178 2343; baseline -0.001 -16"><span class='ocrx_word' id='word_1_204' title='bbox 185 2261 310 2327; x_wconf 66' lang='lat' dir='ltr'><strong>¹ianabiico</strong></span> <span class='ocrx_word' id='word_1_205' title='bbox 327 2287 350 2328; x_wconf 87' lang='lat' dir='ltr'><strong>et</strong></span> <span class='ocrx_word' id='word_1_206' title='bbox 369 2273 491 2343; x_wconf 77' lang='lat' dir='ltr'><strong>pictisque</strong></span> <span class='ocrx_word' id='word_1_207' title='bbox 509 2273 564 2326; x_wconf 88' lang='lat' dir='ltr'><strong>aliis</strong></span> <span class='ocrx_word' id='word_1_208' title='bbox 583 2290 642 2342; x_wconf 83' lang='lat' dir='ltr'><strong>quos</strong></span> <span class='ocrx_word' id='word_1_209' title='bbox 660 2273 759 2324; x_wconf 84' lang='lat' dir='ltr'><strong>laudant</strong></span> <span class='ocrx_word' id='word_1_210' title='bbox 775 2273 882 2324; x_wconf 74' lang='lat' dir='ltr'><strong>Platonis</strong></span> <span class='ocrx_word' id='word_1_211' title='bbox 900 2255 1066 2340; x_wconf 64' lang='lat' dir='ltr'><strong>exponiores,</strong></span> <span class='ocrx_word' id='word_1_212' title='bbox 1086 2297 1134 2332; x_wconf 70' lang='lat' dir='ltr'><strong>me</strong></span> <span class='ocrx_word' id='word_1_213' title='bbox 1152 2289 1178 2330; x_wconf 79' lang='lat' dir='ltr'><strong>rt</strong></span> 
     </span>
     <span class='ocr_line' id='line_1_25' title="bbox 192 2359 1176 2437; baseline 0.003 -22"><span class='ocrx_word' id='word_1_214' title='bbox 192 2365 292 2433; x_wconf 90' lang='lat' dir='ltr'><strong>opinor,</strong></span> <span class='ocrx_word' id='word_1_215' title='bbox 314 2373 467 2435; x_wconf 76' lang='lat' dir='ltr'><strong>repugnante</strong></span> <span class='ocrx_word' id='word_1_216' title='bbox 483 2363 626 2424; x_wconf 85' lang='lat' dir='ltr'><strong>Plutarcho,</strong></span> <span class='ocrx_word' id='word_1_217' title='bbox 649 2363 670 2413; x_wconf 80' lang='lat' dir='ltr'><strong>ti</strong></span> <span class='ocrx_word' id='word_1_218' title='bbox 691 2361 777 2414; x_wconf 77' lang='lat' dir='ltr'><strong>armet</strong></span> <span class='ocrx_word' id='word_1_219' title='bbox 794 2365 893 2414; x_wconf 86' lang='lat' dir='ltr'><strong>nomine</strong></span> <span class='ocrx_word' id='word_1_220' title='bbox 920 2359 1076 2417; x_wconf 70' lang='lat' dir='ltr'><strong>inteiiexine</strong></span> <span class='ocrx_word' id='word_1_221' title='bbox 1093 2385 1176 2437; x_wconf 87' lang='lat' dir='ltr'><strong>suppa</strong></span> 
     </span>
     <span class='ocr_line' id='line_1_26' title="bbox 190 2449 1178 2521; baseline 0.003 -15"><span class='ocrx_word' id='word_1_222' title='bbox 190 2455 259 2506; x_wconf 88' lang='lat' dir='ltr'><strong>nitur</strong></span> <span class='ocrx_word' id='word_1_223' title='bbox 276 2473 325 2506; x_wconf 94' lang='lat' dir='ltr'><strong>non</strong></span> <span class='ocrx_word' id='word_1_224' title='bbox 343 2451 466 2505; x_wconf 87' lang='lat' dir='ltr'><strong>materiam</strong></span> <span class='ocrx_word' id='word_1_225' title='bbox 484 2452 582 2514; x_wconf 86' lang='lat' dir='ltr'><strong>mundi,</strong></span> <span class='ocrx_word' id='word_1_226' title='bbox 601 2452 644 2502; x_wconf 86' lang='lat' dir='ltr'><strong>sed</strong></span> <span class='ocrx_word' id='word_1_227' title='bbox 661 2449 771 2516; x_wconf 83' lang='lat' dir='ltr'><strong>partium</strong></span> <span class='ocrx_word' id='word_1_228' title='bbox 789 2453 903 2502; x_wconf 69' lang='lat' dir='ltr'><strong>materiae</strong></span> <span class='ocrx_word' id='word_1_229' title='bbox 926 2451 990 2504; x_wconf 89' lang='lat' dir='ltr'><strong>hanc</strong></span> <span class='ocrx_word' id='word_1_230' title='bbox 1013 2471 1091 2521; x_wconf 87' lang='lat' dir='ltr'><strong>quam</strong></span> <span class='ocrx_word' id='word_1_231' title='bbox 1116 2459 1178 2509; x_wconf 81' lang='lat' dir='ltr'><strong>sidc-</strong></span> 
     </span>
     <span class='ocr_line' id='line_1_27' title="bbox 190 2537 1177 2616; baseline 0.004 -22"><span class='ocrx_word' id='word_1_232' title='bbox 190 2561 243 2594; x_wconf 89' lang='lat' dir='ltr'><strong>mus</strong></span> <span class='ocrx_word' id='word_1_233' title='bbox 260 2543 456 2611; x_wconf 70' lang='lat' dir='ltr'><strong>dispositionem,</strong></span> <span class='ocrx_word' id='word_1_234' title='bbox 476 2557 547 2607; x_wconf 86' lang='lat' dir='ltr'><strong>quam</strong></span> <span class='ocrx_word' id='word_1_235' title='bbox 565 2537 637 2590; x_wconf 82' lang='lat' dir='ltr'><strong>seiam</strong></span> <span class='ocrx_word' id='word_1_236' title='bbox 653 2537 798 2590; x_wconf 76' lang='lat' dir='ltr'><strong>etussrenaa</strong></span> <span class='ocrx_word' id='word_1_237' title='bbox 815 2549 889 2609; x_wconf 69' lang='lat' dir='ltr'><strong>negat</strong></span> <span class='ocrx_word' id='word_1_238' title='bbox 905 2539 979 2616; x_wconf 69' lang='lat' dir='ltr'><strong>fisiaco</strong></span> <span class='ocrx_word' id='word_1_239' title='bbox 991 2543 1177 2610; x_wconf 72' lang='lat' dir='ltr'><strong>sempiternam</strong></span> 
     </span>
    </p>
   </div>
   <div class='ocr_carea' id='block_1_4' title="bbox 98 2627 1182 3055">
    <p class='ocr_par' dir='ltr' id='par_1_4' title="bbox 98 2627 1180 3055">
     <span class='ocr_line' id='line_1_28' title="bbox 98 2627 1177 2703; baseline 0.003 -21"><span class='ocrx_word' id='word_1_240' title='bbox 98 2639 105 2648; x_wconf 82' lang='grc'><em>“</em></span> <span class='ocrx_word' id='word_1_241' title='bbox 191 2633 229 2682; x_wconf 82' lang='lat' dir='ltr'><strong>td</strong></span> <span class='ocrx_word' id='word_1_242' title='bbox 255 2631 336 2700; x_wconf 87' lang='lat' dir='ltr'><strong>itaque</strong></span> <span class='ocrx_word' id='word_1_243' title='bbox 359 2629 474 2679; x_wconf 82' lang='lat' dir='ltr'><strong>mundum</strong></span> <span class='ocrx_word' id='word_1_244' title='bbox 502 2627 587 2685; x_wconf 83' lang='lat' dir='ltr'><strong>ordine</strong></span> <span class='ocrx_word' id='word_1_245' title='bbox 613 2629 758 2695; x_wconf 79' lang='lat' dir='ltr'><strong>rationeque</strong></span> <span class='ocrx_word' id='word_1_246' title='bbox 786 2627 961 2696; x_wconf 87' lang='lat' dir='ltr'><strong>disponendum</strong></span> <span class='ocrx_word' id='word_1_247' title='bbox 984 2629 1053 2682; x_wconf 82' lang='lat' dir='ltr'><strong>Deus</strong></span> <span class='ocrx_word' id='word_1_248' title='bbox 1091 2636 1177 2703; x_wconf 79' lang='lat' dir='ltr'><strong>ntique</strong></span> 
     </span>
     <span class='ocr_line' id='line_1_29' title="bbox 190 2715 1182 2790; baseline -0.001 -18"><span class='ocrx_word' id='word_1_249' title='bbox 190 2736 286 2785; x_wconf 83' lang='lat' dir='ltr'><strong>semper</strong></span> <span class='ocrx_word' id='word_1_250' title='bbox 303 2717 419 2778; x_wconf 78' lang='lat' dir='ltr'><strong>existens,</strong></span> <span class='ocrx_word' id='word_1_251' title='bbox 439 2733 511 2768; x_wconf 87' lang='lat' dir='ltr'><strong>unam</strong></span> <span class='ocrx_word' id='word_1_252' title='bbox 529 2717 574 2776; x_wconf 90' lang='lat' dir='ltr'><strong>(ait</strong></span> <span class='ocrx_word' id='word_1_253' title='bbox 590 2715 671 2775; x_wconf 84' lang='lat' dir='ltr'><strong>Pisto)</strong></span> <span class='ocrx_word' id='word_1_254' title='bbox 689 2715 811 2784; x_wconf 88' lang='lat' dir='ltr'><strong>principio</strong></span> <span class='ocrx_word' id='word_1_255' title='bbox 828 2717 922 2786; x_wconf 86' lang='lat' dir='ltr'><strong>accepit</strong></span> <span class='ocrx_word' id='word_1_256' title='bbox 940 2733 971 2768; x_wconf 84' lang='lat' dir='ltr'><strong>ex</strong></span> <span class='ocrx_word' id='word_1_257' title='bbox 988 2719 1108 2774; x_wconf 74' lang='lat' dir='ltr'><strong>emiseno</strong></span> <span class='ocrx_word' id='word_1_258' title='bbox 1125 2741 1182 2790; x_wconf 71' lang='lat' dir='ltr'><strong>por.</strong></span> 
     </span>
     <span class='ocr_line' id='line_1_30' title="bbox 191 2803 1178 2880; baseline 0.003 -21"><span class='ocrx_word' id='word_1_259' title='bbox 191 2809 290 2860; x_wconf 87' lang='lat' dir='ltr'><strong>tionem.</strong></span> <span class='ocrx_word' id='word_1_260' title='bbox 328 2805 463 2857; x_wconf 81' lang='lat' dir='ltr'><strong>Secundam</strong></span> <span class='ocrx_word' id='word_1_261' title='bbox 496 2813 577 2856; x_wconf 86' lang='lat' dir='ltr'><strong>sutem</strong></span> <span class='ocrx_word' id='word_1_262' title='bbox 599 2807 693 2873; x_wconf 83' lang='lat' dir='ltr'><strong>primae</strong></span> <span class='ocrx_word' id='word_1_263' title='bbox 715 2803 828 2872; x_wconf 83' lang='lat' dir='ltr'><strong>duplam,</strong></span> <span class='ocrx_word' id='word_1_264' title='bbox 859 2805 947 2856; x_wconf 89' lang='lat' dir='ltr'><strong>deinde</strong></span> <span class='ocrx_word' id='word_1_265' title='bbox 970 2807 1087 2878; x_wconf 76' lang='lat' dir='ltr'><strong>tertiam,</strong></span> <span class='ocrx_word' id='word_1_266' title='bbox 1117 2827 1178 2880; x_wconf 77' lang='lat' dir='ltr'><strong>quse</strong></span> 
     </span>
     <span class='ocr_line' id='line_1_31' title="bbox 190 2893 1178 2978; baseline 0.005 -31"><span class='ocrx_word' id='word_1_267' title='bbox 190 2895 309 2948; x_wconf 85' lang='lat' dir='ltr'><strong>secundae</strong></span> <span class='ocrx_word' id='word_1_268' title='bbox 328 2894 409 2962; x_wconf 87' lang='lat' dir='ltr'><strong>sesqui</strong></span> <span class='ocrx_word' id='word_1_269' title='bbox 426 2893 501 2944; x_wconf 89' lang='lat' dir='ltr'><strong>aitera</strong></span> <span class='ocrx_word' id='word_1_270' title='bbox 519 2905 592 2959; x_wconf 85' lang='lat' dir='ltr'><strong>esset,</strong></span> <span class='ocrx_word' id='word_1_271' title='bbox 610 2896 703 2960; x_wconf 82' lang='lat' dir='ltr'><strong>primae</strong></span> <span class='ocrx_word' id='word_1_272' title='bbox 718 2893 807 2962; x_wconf 67' lang='lat' dir='ltr'><strong>tripla,</strong></span> <span class='ocrx_word' id='word_1_273' title='bbox 826 2905 907 2978; x_wconf 82' lang='lat' dir='ltr'><strong>postea</strong></span> <span class='ocrx_word' id='word_1_274' title='bbox 925 2905 1036 2964; x_wconf 85' lang='lat' dir='ltr'><strong>quartam</strong></span> <span class='ocrx_word' id='word_1_275' title='bbox 1055 2903 1178 2952; x_wconf 81' lang='lat' dir='ltr'><strong>secundae</strong></span> 
     </span>
     <span class='ocr_line' id='line_1_32' title="bbox 191 2981 1180 3055; baseline 0 -19"><span class='ocrx_word' id='word_1_276' title='bbox 191 2983 303 3052; x_wconf 85' lang='lat' dir='ltr'><strong>duplam,</strong></span> <span class='ocrx_word' id='word_1_277' title='bbox 333 2983 443 3051; x_wconf 62' lang='lat' dir='ltr'><strong>quintam</strong></span> <span class='ocrx_word' id='word_1_278' title='bbox 461 2981 575 3050; x_wconf 85' lang='lat' dir='ltr'><strong>deinceps</strong></span> <span class='ocrx_word' id='word_1_279' title='bbox 601 2984 686 3034; x_wconf 87' lang='lat' dir='ltr'><strong>tertiae</strong></span> <span class='ocrx_word' id='word_1_280' title='bbox 704 2983 815 3049; x_wconf 78' lang='lat' dir='ltr'><strong>triplam,</strong></span> <span class='ocrx_word' id='word_1_281' title='bbox 835 2995 934 3036; x_wconf 63' lang='lat' dir='ltr'><strong>sextam</strong></span> <span class='ocrx_word' id='word_1_282' title='bbox 954 2985 1059 3052; x_wconf 86' lang='lat' dir='ltr'><strong>insuper</strong></span> <span class='ocrx_word' id='word_1_283' title='bbox 1085 2989 1180 3055; x_wconf 71' lang='lat' dir='ltr'><strong>prima</strong></span> 
     </span>
    </p>
   </div>
   <div class='ocr_carea' id='block_1_5' title="bbox 187 3067 1181 3306">
    <p class='ocr_par' dir='ltr' id='par_1_5' title="bbox 187 3067 1181 3306">
     <span class='ocr_line' id='line_1_33' title="bbox 190 3067 1181 3146; baseline 0.001 -22"><span class='ocrx_word' id='word_1_284' title='bbox 190 3071 325 3139; x_wconf 85' lang='lat' dir='ltr'><strong>octuplam,</strong></span> <span class='ocrx_word' id='word_1_285' title='bbox 349 3067 467 3138; x_wconf 84' lang='lat' dir='ltr'><strong>po&#39;stremo</strong></span> <span class='ocrx_word' id='word_1_286' title='bbox 491 3073 614 3138; x_wconf 82' lang='lat' dir='ltr'><strong>septimam</strong></span> <span class='ocrx_word' id='word_1_287' title='bbox 641 3079 708 3130; x_wconf 82' lang='lat' dir='ltr'><strong>(nam</strong></span> <span class='ocrx_word' id='word_1_288' title='bbox 727 3071 817 3123; x_wconf 79' lang='lat' dir='ltr'><strong>musica</strong></span> <span class='ocrx_word' id='word_1_289' title='bbox 842 3074 920 3126; x_wconf 80' lang='lat' dir='ltr'><strong>ratio</strong></span> <span class='ocrx_word' id='word_1_290' title='bbox 925 3089 975 3123; x_wconf 83' lang='lat' dir='ltr'><strong>nom</strong></span> <span class='ocrx_word' id='word_1_291' title='bbox 998 3073 1068 3125; x_wconf 85' lang='lat' dir='ltr'><strong>ultra</strong></span> <span class='ocrx_word' id='word_1_292' title='bbox 1087 3089 1181 3146; x_wconf 70' lang='lat' dir='ltr'><strong>septen</strong></span> 
     </span>
     <span class='ocr_line' id='line_1_34' title="bbox 189 3159 1181 3254; baseline 0.004 -42"><span class='ocrx_word' id='word_1_293' title='bbox 189 3161 314 3229; x_wconf 82' lang='lat' dir='ltr'><strong>procedit,</strong></span> <span class='ocrx_word' id='word_1_294' title='bbox 338 3160 406 3209; x_wconf 87' lang='lat' dir='ltr'><strong>aiunt</strong></span> <span class='ocrx_word' id='word_1_295' title='bbox 423 3159 544 3210; x_wconf 85' lang='lat' dir='ltr'><strong>Platonici</strong></span> <span class='ocrx_word' id='word_1_296' title='bbox 565 3169 590 3210; x_wconf 84' lang='lat' dir='ltr'><strong>et</strong></span> <span class='ocrx_word' id='word_1_297' title='bbox 606 3159 773 3230; x_wconf 70' lang='lat' dir='ltr'><strong>Pythagorici)</strong></span> <span class='ocrx_word' id='word_1_298' title='bbox 790 3161 899 3230; x_wconf 85' lang='lat' dir='ltr'><strong>partibus</strong></span> <span class='ocrx_word' id='word_1_299' title='bbox 916 3177 958 3213; x_wconf 83' lang='lat' dir='ltr'><strong>sex</strong></span> <span class='ocrx_word' id='word_1_300' title='bbox 975 3169 1001 3213; x_wconf 84' lang='lat' dir='ltr'><strong>et</strong></span> <span class='ocrx_word' id='word_1_301' title='bbox 1019 3165 1116 3233; x_wconf 70' lang='lat' dir='ltr'><strong>viginti</strong></span> <span class='ocrx_word' id='word_1_302' title='bbox 1133 3169 1181 3254; x_wconf 79' lang='lat' dir='ltr'><strong>pri</strong></span> 
     </span>
     <span class='ocr_line' id='line_1_35' title="bbox 187 3247 432 3306; baseline -0.013 -5"><span class='ocrx_word' id='word_1_303' title='bbox 187 3267 251 3306; x_wconf 83' lang='lat' dir='ltr'><strong>mam</strong></span> <span class='ocrx_word' id='word_1_304' title='bbox 269 3247 432 3300; x_wconf 84' lang='lat' dir='ltr'><strong>excedentem.</strong></span> 
     </span>
    </p>
   </div>
   <div class='ocr_carea' id='block_1_6' title="bbox 0 0 1278 4274">
    <p class='ocr_par' dir='ltr' id='par_1_6' title="bbox 0 0 1278 4274">
     <span class='ocr_line' id='line_1_36' title="bbox 0 0 1278 4274; baseline 0 4"><span class='ocrx_word' id='word_1_305' title='bbox 0 0 1278 4274; x_wconf 95' lang='lat' dir='ltr'><strong> </strong></span> 
     </span>
    </p>
   </div>
  </div>
 </body>
</html>
