2534 4280
509 207 584 308 ιιι
649 177 703 248 -'

25 351 215 445 graphen.
233 351 368 442 explicet
396 354 434 419 de
467 353 608 443 sapiente
638 375 693 418 seu
722 350 861 442 perlecto
890 307 1045 470 principe,

36 455 164 548 qualis
186 467 253 524 eret
273 455 359 524 illius
380 467 496 532 ιιιιιιοι·
508 457 649 524 Ouen·
636 481 830 549 mouens.
847 455 1010 538 lii'en,
1000 480 1048 520 m·
1157 471 1165 478 ·

32 562 140 652 quit,
185 561 407 653 significet
437 561 505 628 hic
539 561 813 643 laboriosnm,
847 559 1046 642 difficile,
1132 569 1140 595 ‘

32 691 130 756 qun
143 667 225 732 ndo
242 665 536 733 velutet'ronte
551 667 670 758 instet
687 665 927 757 periculum,
947 663 1048 727 illud

34 770 255 836 sustinere
277 771 441 864 etqussi
463 773 611 856 sistere
633 769 827 862 sepientis
843 769 964 837 soliui
982 779 1046 835 est.

35 873 138 938 lnter
157 873 351 942 occidentem
373 888 404 944 et
422 873 587 944 meridiem
598 875 654 960 ire,
678 887 722 940 est
739 875 870 952 mediam
886 875 967 944 viem
983 873 1049 958 ire,

38 1002 108 1044 seu
127 989 237 1044 tenere
249 980 393 1052 medium
412 980 495 1050 inter
510 979 581 1070 plus
596 975 627 1044 et
647 979 777 1056 enixius.v
793 981 882 1070 Quee
903 991 947 1048 est
968 979 1050 1046 inter

42 1083 306 1173 septentrionem
319 1075 369 1166 „el
397 1085 569 1166 orientem,
603 1083 659 1150 ulu
688 1083 807 1150 sdlieet
834 1096 881 1150 est
906 1105 1050 1167 oceanus,

45 1187 128 1272 vio,
152 1186 267 1254 limites
283 1187 479 1256 hebetultre
496 1211 575 1278 quos
593 1188 720 1254 excurri
736 1208 801 1254 non
815 1199 925 1278 potest.
948 1189 1050 1279 Opor-
1137 1166 1143 1191 ⁵

42 1303 101 1377 tet
121 1305 277 1384 magnum
299 1293 608 1376 circumvenire,
638 1312 750 1384 nempe
771 1291 863 1357 illum
885 1293 969 1358 edire
990 1291 1051 1357 illi·

47 1417 120 1489 que
154 1422 188 1464 se
223 1399 410 1490 adjungere,
444 1411 489 1466 est
520 1397 601 1464 bene
629 1397 744 1462 mereri
766 1397 802 1464 de
824 1397 973 1490 imperio,
1007 1407 1051 1462 ιιι

48 1527 168 1568 verum
189 1501 324 1592 glorism
345 1505 504 1594 consequi.
548 1505 591 1568 At
612 1503 702 1568 debet
724 1526 787 1568 esse
806 1501 945 1591 soliditas
963 1502 997 1568 in
1013 1523 1051 1568 eo

52 1606 116 1698 qui
139 1605 347 1696 indignitate
370 1608 557 1699 acquirendo
579 1607 716 1695 laborem
746 1606 809 1672 erit
826 1607 946 1672 bonum
968 1607 1051 1696 quod

51 1711 186 1777 tendem
217 1706 276 1776 bec
302 1711 456 1776 soliditate
482 1735 619 1803 regnum
641 1721 753 1777 stetuet
773 1722 903 1776 rectum.
948 1709 1056 1830 Quem·

53 1815 143 1884 belle
191 1814 376 1882 conluciene
409 1814 485 1880 heec
522 1815 687 1905 explicatio
719 1826 875 1907 congruet
911 1814 1052 1906 principi
1080 1873 1084 1884 ,

60 1919 200 1984 Ouen·
190 1939 343 2014 -oueng
364 1929 396 1984 et
416 1919 482 1985 lilio
504 1919 579 1985 Ou-
568 1943 728 2038 -oueng
740 1917 1023 2025 ριιιιιιιιιιοιιὶιι
1022 1930 1054 1984 ιι

61 2021 205 2114 exemplo
226 2035 329 2090 secuto
357 2048 395 2090 ex
422 2021 605 2090 historin
581 2023 677 2090 unico
705 2023 785 2092 sicut
805 2024 872 2090 sine
893 2005 1019 2090 dubio
1010 2035 1053 2090 rte

61 2127 129 2194 sine
164 2129 274 2218 oedipo
302 2123 501 2220 intelligitur.
545 2127 605 2194 Sed
635 2128 772 2216 hujus
761 2155 825 2218 Jem
852 2108 1053 2196 meminimus
1133 2155 1137 2165 ·

61 2257 131 2298 non
159 2231 255 2296 semel
282 2255 340 2298 nec
367 2230 516 2304 obiter
507 2255 542 2296 m
562 2231 770 2321 explicetione
792 2233 919 2298 secundi
939 2231 1052 2298 emble

62 2333 1053 2404 rustislloensdhsecverlrosintrsoccidentemetme-
1110 2323 1117 2332 ⁸
1172 2399 1177 2410 ,

63 2438 202 2504 ridiom
225 2438 409 2530 possidet
425 2437 710 2523 emicos3intre
730 2437 1071 2529 septentrionem·

65 2554 105 2608 et
126 2541 321 2610 orientem
344 2543 483 2633 perdit.
524 2543 588 2632 Qui
610 2544 693 2610 enim
715 2543 797 2608 intro
815 2541 1007 2609 'occidentem
1023 2555 1053 2609 et

65 2647 242 2728 meridiem,
265 2643 422 2742 principes
444 2647 565 2712 loedere
582 2647 630 2712 vel
653 2641 840 2742 cognatione
868 2649 1052 2736 conjunctos
1111 2702 1120 2716 ,

66 2752 116 2820 his
136 2751 169 2816 in
188 2750 328 2842 pertibus
345 2751 505 2839 degentes,
535 2763 572 2818 ut
590 2752 707 2818 dictum
722 2765 766 2820 est
783 2754 915 2834 ibidem,
937 2753 1052 2832 amicos

66 2853 200 2951 possidet
220 2853 298 2920 huic
317 2853 510 2943 temporibus
532 2851 710 2922 difficilibus
734 2857 882 2924 convenit
901 2857 949 2923 irc
970 2857 1053 2924 inter
1169 2850 1172 2858 ⁴

68 2959 216 3025 orientem
252 2971 283 3024 et
315 2957 487 3024 meridiem.
531 2959 658 3026 Cretera
684 2985 742 3050 per
778 2984 809 3026 se
837 2973 960 3051 petent,
994 2985 1053 3026 neo

69 3060 194 3126 diflicile'
216 3071 261 3128 est
282 3085 346 3152 quo
366 3062 544 3152 pertineant
561 3065 666 3129 omnio
686 3088 722 3150 ιιι
742 3065 830 3130 dictis
845 3065 961 3130 iterum
979 3089 1052 3130 con·

70 3165 198 3260 cludere.
243 3167 380 3257 „Quod
403 3191 578 3250 sensum,
611 3167 714 3259 inquit
743 3167 913 3260 imperator
941 3171 975 3234 in
998 3193 1053 3234 suo

70 3293 209 3354 censura,
241 3271 385 3338 horum
413 3271 634 3339 verborum
656 3273 738 3340 inter
760 3273 911 3340 orientem
935 3285 967 3337 et
989 3296 1062 3338 ιιι-ι

71 3376 201 3455 ridiom,·
227 3373 311 3442 inter
341 3377 536 3443 occidentem·
567 3389 598 3444 et
626 3377 888 3467 septentrionem,
921 3400 985 3440 unc
1007 3386 1052 3440 est

71 3479 208 3574 priorum
229 3477 441 3546 litteratonrm
462 3481 613 3548 sententis
641 3481 731 3546 illrun
762 3481 965 3572 repetendum
987 3501 1052 3543 esse
1117 3501 1124 3510 ·

72 3607 108 3652 ex
133 3583 384 3672 interpretatione
429 3585 557 3651 senmdi
591 3583 780 3652 emblematis
809 3585 910 3651 loen
952 3595 1051 3648 terroe

72 3701 101 3756 et
120 3685 249 3778 symboli
270 3687 345 3752 ken
366 3687 516 3756 montis.“

105 3811 221 3868 Yumo.
240 3811 308 3866 Pers
325 3809 358 3865 ll.
855 3801 895 3862 15
