2536 4276
372 139 910 244 'uses-v

166 299 277 366 habeat
308 324 325 365 e
354 299 454 366 tribus
483 297 602 390 partein
631 300 757 392 stg,
796 298 945 380 lucidam,
984 310 1161 384 actuosum,

122 446 125 458 ›
166 405 255 492 cujus
284 403 420 469 motione
448 403 499 485 fit,
531 415 567 470 ut
594 404 633 472 sit
660 403 830 486 instabilis,-
862 403 999 486 lubrica,
1038 405 1159 472 labilis.

150 506 369 598 'Quapropter
391 532 470 598 aqua
492 518 528 572 ut
549 532 614 574 non
635 519 680 574 est
701 521 762 574 tam
785 507 888 600 segnis
911 533 1004 600 quem
1020 507 1079 574 Yn
1094 535 1163 574 ma·

168 611 245 678 teria
261 610 421 692 terrestris,
444 610 515 702 plus
538 612 621 676 enim
645 636 682 678 ex
704 612 928 703 compositione
950 611 1042 680 habet
1064 613 1162 683 actim

168 715 234 800 nis,
268 715 309 780 ita
337 715 432 806 longo
466 715 568 780 minus
601 715 698 804 activa
729 728 773 781 est
794 741 888 806 quam
911 717 1040 808 tang,
1076 743 1164 808 pura

143 819 296 884 ‘materia
323 817 478 900 coelestis,
512 843 591 909 quae
619 819 737 885 scilicet
767 844 824 910 por
853 845 960 886 omnes
982 816 1080 886 lenna
1108 847 1163 888 res

168 923 279 990 diffusa
305 934 350 988 est
381 921 467 990 velut
497 924 670 989 eommunis
699 923 863 1016 vitulisque
887 925 989 990 calor:
1024 927 1163 992 adeum

68 1084 70 1094 .
170 1011 348 1116 aliquorum
371 1026 562 1094 Graecorum
584 1051 724 1110 sonsum,
758 1049 822 1119 quo
844 1029 975 1120 igneum
997 1029 1163 1120 quidesse

107 1197 110 1203 ,
171 1129 299 1196 voluere
322 1130 464 1201 inomni
486 1144 596 1198 natura
617 1129 739 1219 susum,
762 1133 857 1198 rebus
879 1133 1023 1199 omnibus
1044 1133 1164 1225 imper·

173 1233 251 1299 tiens
284 1233 407 1300 vitalem
442 1235 586 1300 calorem.
631 1237 733 1328 Atque
763 1235 822 1302 hac
849 1237 970 1302 ratione
998 1237 1084 1304 calor
1106 1223 1179 1304 fri·¹

172 1360 293 1427 gusque
324 1339 489 1405 convenire
522 1350 651 1430 possunt
681 1339 843 1431 principiis
873 1339 948 1424 Yn,
980 1341 1095 1433 Yang
1123 1345 1163 1410 ad

117 1451 129 1494 Ἀ
172 1463 280 1508 rerum
303 1444 517 1534 generationes
547 1443 778 1524 accedentibus,
811 1443 858 1511 uti
888 1469 926 1513 ex
955 1444 1163 1513 Comentariis

170 1546 336 1640 ‘t'liquoties
366 1547 453 1617 Parte
470 1548 518 1612 tt,
544 1545 699 1612 asseritur.
743 1549 815 1613 Non
830 1549 947 1615 'solum
979 1561 1030 1625 (ut
1050 1550 1164 1642 loquer

177 1644 279 1720 solum
300 1654 337 1718 de
359 1652 478 1736 calore)
509 1653 591 1742 quod
619 1647 745 1740 igneum
772 1643 851 1716 illud
873 1665 1019 1743 sequatur
1040 1667 1164 1720 motum

66 1839 68 1844 ,
176 1757 322 1823 materiae
344 1745 486 1822 actuosae
504 1755 634 1848 Ynng,
656 1755 708 1820 sed
730 1753 821 1820 etism
843 1758 926 1844 quod
943 1755 1031 1822 illius
1050 1780 1163 1824 arcena

176 1861 234 1936 (ita
262 1861 365 1927 Sinica
392 1857 606 1950 philosophia)
639 1879 673 1922 ac
706 1857 786 1922 inira
815 1858 976 1926 circulatio
1007 1860 1048 1926 sit
1072 1862 1164 1929 ualde

93 2037 98 2060 ,
141 2043 142 2051 ¹
177 1965 317 2044 incitata,
357 1964 422 2028 sine
451 1959 512 2053 qaia
540 1984 604 2027 non
630 1962 917 2030 intermiscerentur
943 1965 1082 2057 adeoque
1113 1991 1162 2032 res

116 2143 119 2150 .
176 2093 240 2134 non
260 2066 474 2134 coalescerent.
520 2065 611 2156 Quod
640 2086 737 2156 porro
767 2057 848 2132 inter
869 2067 923 2135 has
945 2071 1018 2135 duas
1041 2068 1161 2162 figuras

179 2171 225 2236 Li
253 2183 283 2236 et
310 2171 410 2256 lion,
437 2196 508 2238 non
535 2169 748 2261 colligendum
776 2182 820 2237 est
853 2173 957 2260 (ajunt
985 2172 1164 2264 philosophi

179 2287 248 2368 post
277 2275 479 2354 Conlucium)
507 2301 613 2364 reram
629 2274 770 2366 ¹oristere
799 2275 1046 2366 oppositionem,
1086 2277 1166 2342 nihll

181 2379 299 2448 scilicet
320 2381 456 2448 indicant
477 2381 537 2446 nisi
558 2377 732 2446 sensibilem
751 2403 878 2468 equum,
902 2377 981 2447 sicut
1000 2379 1032 2446 et
1047 2381 1165 2472 ignem,

80 2501 82 2510 ’
130 2472 135 2480 i
182 2487 255 2552 dum
283 2487 456 2553 naturalem
486 2485 549 2550 vim
578 2495 686 2550 mutua
715 2481 840 2548 actione¹
863 2479 1061 2576 infringunt,
1103 2510 1167 2550 non

181 2589 262 2658 inter
284 2575 315 2658 ie
339 2613 481 2680 pugnare
503 2591 541 2654 ad
562 2587 821 2668 destructionem,
845 2588 896 2652 sed
918 2589 955 2652 ad
977 2588 1169 2654 emolumen-

182 2707 248 2762 tum
270 2693 448 2786 plantarum
477 2716 642 2784 rerumque
673 2689 831 2772 omnium,
867 2702 1058 2782 temperante
1089 2693 1169 2758 calo·

182 2825 249 2867 rem
270 2799 389 2888 frigore
410 2797 623 2890 vicissimque,
655 2795 720 2860 sine
750 2818 813 2886 quo
842 2805 1085 2884 temperamento
1112 2821 1171 2862 nec

181 2904 362 2972 mixtionem
384 2925 452 3020 nec,
464 2899 762 2995 transmutationem.
774 2910 885 2966 natura
905 2897 1041 2964 haberet.
1067 2901 1170 2972 Quam
1212 2921 1215 2934 ·

181 3013 221 3076 ob
243 2992 399 3098 rationem¹
416 3007 538 3072 videtur
568 3017 599 3071 et
621 3003 802 3070 Aristoteles
835 3003 871 3068 do
893 3001 979 3068 coelo
1000 3001 1022 3067 l.
1045 3003 1095 3068 lll.
1118 3005 1171 3070 lv.

60 3119 63 3130 '
182 3111 416 3203 conjugationes
438 3134 565 3176 suarum
587 3107 770 3200 qualitatum
792 3106 1026 3204 elementarium
1047 3105 1093 3172 ita
1116 3109 1171 3173 dis·

182 3217 340 3312 posuisse,
372 3225 408 3282 ut
435 3215 511 3280 dum
540 3211 623 3278 inter
644 3223 779 3278 extreme
801 3210 954 3276 contrarie
975 3211 1174 3302 intercedunt

182 3321 283 3391 media
310 3315 470 3388 conversio
499 3343 517 3384 a
547 3317 690 3414 proximo
720 3315 757 3402 nil
779 3313 958 3412 proximum
980 3315 1038 3379 fier
1059 3313 1172 3405 intelli-

74 3474 80 3488 ·
183 3442 296 3522 gutur,
319 3425 412 3518 atque
435 3425 510 3490 adeo
533 3421 653 3504 minus,
676 3419 701 3486 si
722 3419 764 3484 ite
785 3419 871 3509 loqui
894 3417 939 3484 fas
961 3417 1021 3504 est,
1043 3443 1173 3512 operose

185 3547 215 3600 et
236 3531 437 3628 dispendiose.
453 3527 517 3622 “At
539 3550 617 3620 opus
640 3535 706 3595 erat
727 3535 764 3618 ut
784 3523 875 3612 simul
899 3499 1046 3590 omnium
1061 3523 1106 3606 acl⁵
1118 3548 1173 3614 ge·
1249 3513 1250 3534 ¹

100 3661 104 3668 ’
181 3611 683 3711 iterationem'essel'concursus,
706 3627 826 3695 actione
848 3627 969 3721 aliqua,
995 3640 1032 3696 ut
1053 3653 1071 3693 a
1092 3625 1174 3694 Sinis

182 3741 377 3841 philosophis
400 3737 549 3808 traditum
569 3747 622 3804 est.
668 3734 703 3801 Si
725 3732 809 3822 enisu
835 3759 920 3826 ug.
942 3733 1063 3826 frigus,
1095 3730 1175 3800 sicut
