2536 4276
463 178 521 218 ,..·.
586 169 649 236 409
714 201 755 223 ..-

131 287 241 388 oculos
261 320 439 412 animosque
460 321 553 390 hebet
571 291 628 397 ⁴(si
643 322 708 390 istis
730 317 918 414 philosophis
941 317 1109 395 eredimus)

129 427 217 492 nullo
239 427 367 513 negotio
389 426 544 518 intelliget
564 427 693 515 Ter-yn
715 425 856 492 tellurem
878 435 1032 528 totumque
1046 447 1109 488 me·

130 529 239 596 terium
266 540 441 594 terrestrem
472 555 526 596 seu
553 531 748 626 principium
767 530 826 594 Yn
847 551 933 617 posse
956 553 973 591 n
995 527 1109 616 princi·
1181 587 1186 596 .

28 656 33 666 ·
129 634 183 724 pio
218 633 333 724 stg
375 633 563 726 materieque
605 633 728 700 coelesti
768 643 902 726 motum,
945 631 1106 712 sotionem,

60 733 81 752 ”
130 737 340 802 esficecitets'm
362 737 513 828 decusque
537 737 686 827 occipere.
732 738 819 802 Unde
841 735 940 826 reipse
962 735 1105 817 existunt,

129 851 248 908 annues
279 851 323 906 tot
352 865 458 906 rerum
480 840 711 930 specierumque
740 841 976 930 productiones„
1007 839 1050 905 Ut
1071 851 1106 906 ut

119 938 183 1026 sit,
206 945 236 1010 id
259 944 370 1034 negeri
391 969 455 1010 non
476 956 577 1034 potest
599 967 636 1010 ex
657 945 744 1010 dictis
766 943 854 1008 focile
867 943 1001 1033 intelligi
1018 967 1106 1034 quee-

128 1050 202 1116 dum
224 1049 286 1114 elte
307 1048 435 1114 illorum
463 1047 549 1114 velut
570 1047 735 1128 sxiosnete,
767 1071 850 1138 queo!
873 1059 927 1114 out
954 1049 1106 1138 peredere

128 1165 181 1220 eut
200 1153 375 1244 pugnantia
396 1151 554 1218 nonnullis
575 1152 638 1218 vise
661 1163 742 1218 sune
835 1163 842 1182 ⁴

212 1255 386 1339 Meterielis
399 1257 471 1324 sive
483 1258 539 1322 Yn
560 1258 622 1322 siro
640 1257 748 1347 Yeng
770 1255 896 1346 spiritus
911 1257 944 1322 in
961 1255 1009 1324 his
1024 1255 1105 1348 figu-
1135 1282 1137 1288 ¹

127 1373 225 1428 retem
253 1359 345 1427 hebet
366 1361 564 1428 substantium
592 1409 599 1425 .
624 1347 671 1426 ,ζ’
696 1361 730 1424 in
756 1360 818 1440 illis
847 1359 1014 1451 figuratum
1042 1363 1124 1439 non*

126 1464 218 1530 hebet
246 1465 448 1530 substantium
478 1511 548 1528 ...
574 1464 748 1554 spectebilis
775 1476 850 1530 est.
877 1513 885 1528 .
908 1513 916 1530 .
940 1465 1018 1530 clem
1048 1465 1106 1550 cir·

120 1563 323 1658 'eumngdur²
346 1568 446 1632 tenuis
469 1579 529 1648 est,
551 1567 713 1636 invisibilis
736 1615 743 1632 .
767 1615 774 1632 .
796 1555 993 1657 ,eliquanto
1004 1569 1106 1636 stetim
1186 1565 1190 1578 ’

126 1671 258 1762 ecquirit
280 1669 413 1760 figurem
437 1683 473 1737 ut
494 1672 527 1736 in
548 1672 692 1740 meteoris
714 1718 723 1736 .
815 1672 957 1763 spiritum
979 1659 1133 1754 metallis
1175 1735 1178 1739 .

126 1773 225 1866 ligni,
247 1797 295 1840 res
316 1773 392 1839 elise
414 1774 529 1840 hebent
552 1826 559 1842 .
582 1821 590 1839 .
614 1823 621 1839 .
645 1775 770 1865 spiritus
791 1775 844 1842 olii
866 1775 954 1842 calidi
976 1775 1030 1840 olii
1052 1775 1106 1840 sri-
1153 1813 1160 1822 -

126 1879 192 1969 gidi
217 1925 224 1943 .
249 1928 257 1944 .
281 1927 288 1944 .
312 1877 365 1945 elii
388 1879 475 1946 fluidi
496 1879 548 1944 elii
569 1880 690 1946 inertes.
734 1883 819 1946 Nem
841 1891 960 1946 constet
981 1879 1106 1970 spiritus

126 1983 187 2050 Yn
208 1995 238 2048 et
260 1983 371 2074 Yeng
392 1984 453 2050 dici
473 1983 650 2075 spectabiles
672 1985 713 2060 ob
734 1987 858 2054 effectus
880 1985 1033 2076 imprimis
1055 2009 1106 2050 en·

125 2109 203 2154 nuos
233 2099 262 2152 et
290 2088 424 2177 ligureri
452 2089 485 2154 in
515 2088 586 2154 solis
614 2101 650 2154 et¹
674 2087 794 2154 telluris
822 2089 1016 2179 corporibus.
1059 2089 1113 2156 Eu

126 2203 259 2276 utroque
289 2191 401 2280 spiritu
429 2215 500 2260 curn
529 2205 668 2267 constent
695 2191 748 2258 elii
778 2193 904 2283 spiritus
936 2181 1105 2260 mixtorum
1179 2209 1194 2244 ⁴¹

125 2319 399 2421 quorumeungre,
433 2297 598 2386 omnisque
620 2319 809 2390 corporeos
830 2297 958 2362 materie
980 2299 1135 2398 coelestii

124 2423 159 2464 sc
181 2399 318 2464 terrestri
340 2413 588 2490 componentur,
603 2401 721 2466 'verum
750 2400 809 2464 erit
837 2401 1026 2490 distinguere
1054 2427 1104 2468 ve-

123 2503 243 2568 riorum
264 2502 446 2592 quelite'tum
468 2505 592 2594 spiritus
614 2503 684 2570 licet
703 2529 740 2570 ex
760 2501 882 2594 duplice
906 2516 1025 2588 tontum
1042 2531 1104 2572 mu·

123 2606 200 2670 teris
231 2618 287 2672 eut·
310 2607 472 2697 principiis
504 2610 623 2674 duobus
657 2605 715 2674 Yn
753 2620 782 2674 et
800 2671 802 2674 ,
818 2607 899 2674 Yon
906 2635 930 2699 g
965 2609 1102 2676 existent.

125 2711 208 2776 Heec
230 2733 308 2799 ergo
330 2733 409 2799 ques
430 2709 556 2775 illorum
578 2711 839 2778 dissertationibus
861 2713 1037 2781 intermixto
1057 2739 1104 2779 re·

123 2813 304 2903 periontur,
337 2835 402 2878 non
424 2813 523 2878 stetim
545 2815 714 2879 demnends
735 2827 770 2891 ot
791 2841 902 2904 perum
924 2819 1102 2900 constantie,

123 2918 175 2982 ssd
204 2937 241 2978 ex
272 2913 360 2980 dictis
388 2915 567 3005 explicando
597 2915 720 2982 suerent
748 2917 785 2982 eb
816 2918 864 2984 his
886 2919 1100 3014 philosophice
1128 2990 1133 3000 .

124 3017 237 3085 sinicee
259 3017 445 3086 censoribus.
579 3035 584 3040 '
752 3064 756 3073 ·
907 3067 911 3074 ·

207 3123 256 3188 nd
271 3121 447 3190 *doetrinae
484 3121 644 3190 cumulum
680 3149 834 3214 exponere
869 3153 988 3196 necesse
1025 3143 1101 3198 esset

123 3251 254 3316 quennn
267 3227 397 3296 ⁴rstione
418 3227 585 3316 sexegintn.
601 3239 747 3316 quotuor
765 3231 944 3299 emblemsts
966 3256 1101 3324 quorum

124 3332 379 3420 compositionem
407 3342 534 3398 erecto
563 3331 711 3420 symbolis
740 3357 824 3402 nunc
855 3339 993 3427 expensis
1013 3353 1100 3430 perte

121 3433 223 3524 prime
245 3436 463 3527 explicuimus,
496 3438 534 3502 od
555 3459 661 3501 omnes
683 3449 735 3503 eut
758 3439 864 3506 saltem
887 3442 1010 3507 totidem
1033 3469 1099 3510 sen-

123 3537 257 3604 sibilium
286 3565 455 3631 corporum
484 3533 597 3631 species
620 3545 842 3610 ecoo'mmoderi
870 3569 959 3636 posse
978 3547 1098 3614 videsn-

121 3652 181 3708 tur.
204 3641 388 3714 Verumbic
410 3669 504 3736 opus,
523 3643 579 3717 hio
593 3645 690 3736 leber
711 3659 775 3730 est,
797 3660 857 3722 ete
871 3649 1098 3720 Sinisminime
1147 3659 1151 3674 '

120 3753 291 3837 susceptus,
312 3747 458 3840 sorteque
468 3749 731 3846 pisilosepherum
741 3753 1098 3877 viressupesequood

532 3967 546 4026 d
567 4014 568 4028 ,
