2546 4274
534 121 577 168 ι-
641 64 716 186 ιιι
769 118 814 168 ’-“-·

181 267 291 336 saltem
317 270 356 336 ed
383 279 500 336 textum
528 268 666 340 breviter
695 268 881 336 indicassent
905 271 1048 338 modum
1088 273 1210 339 utend

180 372 534 465 eprioribuslitteretis
555 387 751 466 usurpatum.
795 375 840 441 lte
863 375 950 440 enim
973 374 1098 441 secem
1127 377 1209 442 solet

120 493 123 500 ’
183 489 215 544 et
236 481 376 548 muneris
398 475 535 570 impositi
561 478 642 546 retio
669 479 816 570 postulet.
859 483 903 550 At
930 467 1037 555 (dicei
1052 479 1208 571 uliquis)

98 667 100 672 ,
180 605 249 652 non
269 585 489 674 intellexerunt
509 581 596 649 hunc
617 594 752 672 textum3
775 608 833 650 cur
854 607 933 678 ergo
956 583 1047 651 sicut
1071 586 1117 652 in
1136 587 1209 650 eliis

180 713 265 780 quos
296 702 383 781 perte
415 687 451 756 ll.
480 688 662 772 retulimus,
694 689 739 754 ite
767 699 797 756 et
823 687 859 754 in
879 689 942 756 hoc
964 714 1037 756 non
1062 705 1207 757 annote-

184 805 261 860 runt
282 793 513 876 obscuritatem,
540 795 706 884 deeseoque
732 792 791 860 bec
814 804 912 860 estete
933 817 973 858 ex
997 795 1135 884 quibus
1160 796 1206 861 in·

183 897 288 988 telligi
309 896 427 986 possit?
453 897 528 964 Ηοο
548 923 649 964 ιιιιιιιιι
669 909 763 964 restet
784 884 848 964 illis
869 909 917 964 tet
938 909 1086 964 eetetum
1114 925 1203 966 com·

73 1085 75 1094 y
184 999 375 1068 menteriolis
403 1013 521 1069 textum
546 1003 646 1069 videri
673 1002 794 1070 clerum
823 1015 854 1069 et
882 1025 921 1069 ex
949 1027 989 1068 eo
1021 1003 1103 1096 ipso
1127 1029 1201 1096 per-

67 1117 74 1126 '
184 1128 327 1194 specuum
334 1151 346 1186 ,
374 1091 460 1198 quod
479 1109 523 1174 ed
544 1108 624 1174 dicte
650 1108 740 1200 prius
761 1108 800 1174 sit
821 1131 1015 1210 consequens
1045 1133 1114 1174 nec
1137 1109 1198 1174 nisi

184 1207 344 1274 corollarii
367 1210 435 1276 loco
456 1212 616 1280 habendus
643 1215 682 1279 ed
708 1223 847 1290 montem
867 1225 1013 1278 veterum
1039 1211 1162 1280 libri
1151 1240 1196 1278 ιιι-

182 1319 376 1437 tumetum,
397 1327 435 1384 ut
456 1331 487 1385 et
508 1317 733 1410 plerorumque
755 1316 986 1404 recentiorum
1010 1343 1099 1408 quse
1112 1317 1192 1384 ratio

162 1437 221 1494 ¹eo
243 1421 370 1509 mejoris
392 1434 437 1489 est
457 1423 621 1516 ponderis,
649 1447 712 1514 quo
739 1423 840 1513 magis
870 1433 992 1488 constet
1020 1425 1064 1489 de
1087 1423 1191 1488 studio

184 1519 325 1591 sinerum
355 1528 545 1618 scriptorum
572 1530 606 1594 in
638 1527 821 1620 quaerendis
848 1549 1006 1592 snnorum
1037 1529 1185 1618 periodis.

185 1605 381 1699 Consuciene
402 1645 456 1699 eut
478 1634 618 1712 Fobiens
640 1633 746 1699 illisne
773 1633 837 1700 solu
863 1623 971 1698 fuisset
995 1643 1056 1699 eut
1079 1634 1183 1725 ignote

186 1747 242 1801 sut
262 1737 407 1832 neglecte
427 1739 570 1829 penitus,
599 1740 641 1804 ite
668 1751 704 1804 ut
731 1759 771 1804 ne
798 1735 922 1829 quidem
951 1735 994 1802 eb
1024 1735 1100 1802 ullo
1122 1737 1181 1801 illo

185 1861 259 1906 tum
280 1843 363 1906 inter
385 1842 528 1930 periodos
550 1843 715 1934 cyclosquo
735 1835 945 1907 numeretur?

274 1943 445 2033 Superest
436 1955 540 2036 stoque
560 1957 596 2012 ut
614 1958 699 2012 extre
714 1947 803 2014 Sinus
818 1969 891 2012 suec
904 1945 1074 2037 opinionis
1085 1959 1177 2014 sueto

71 2053 74 2066 '
186 2071 236 2114 res
259 2059 410 2137 quaerent
438 2061 469 2114 et
498 2051 582 2142 qu'od
603 2054 685 2142 opud
707 2051 780 2118 ebes
803 2063 909 2144 gentes
929 2051 1031 2142 regni
1054 2051 1174 2143 antiqui

114 2221 117 2226 ,
186 2162 247 2219 tete
270 2153 407 2220 celebres
429 2177 550 2246 semper
571 2153 665 2222 fuisse
686 2159 723 2222 ed
744 2181 836 2222 usum
858 2155 963 2247 cyclos
986 2167 1021 2221 et
1038 2157 1175 2247 periodos

172 2257 360 2342 'affirment,
389 2260 432 2326 ite
461 2271 492 2332 et
513 2263 595 2328 inter
623 2261 711 2328 Sinus
732 2263 848 2328 fectum
870 2259 1052 2349 conjicient.
1096 2261 1175 2335 Quod

187 2387 260 2432 sene
294 2364 321 2432 si
348 2365 521 2432 edmittitur
548 2365 674 2432 nullum
703 2391 764 2458 ego
798 2365 919 2432 fatebor
947 2389 1018 2430 non
1049 2365 1176 2457 reperiri

186 2493 279 2560 posse
306 2471 340 2535 in
369 2470 542 2562 Y·l‹ing3
577 2495 651 2536 nem
686 2469 875 2562 speciminis·
898 2469 1019 2561 gretie,
1064 2471 1177 2535 duobus

186 2572 366 2666 figurarum
388 2573 546 2642 elementis
570 2599 648 2666 queo
667 2571 781 2642 vocent
808 2575 992 2666 Leeng·y
1012 2604 1175 2638 --ι

186 2717 240 2730 --
290 2715 359 2760 —‚
369 2678 475 2767 utiquc
485 2678 625 2744 exhiberi
633 2691 734 2771 potest
744 2682 887 2771 enfiquee
897 2677 1052 2745 Graeciae
1062 2679 1174 2746 trieeris

186 2773 349 2851 includens
378 2783 553 2850 biennium.
596 2785 781 2876 Leeny-y
810 2783 900 2850 lineis
928 2786 1103 2852 succedunt
1133 2785 1174 2859 (iu

85 2923 88 2932 ·
189 2886 363 2980 Y-lsing)
384 2887 598 2980 See-eieng,
621 2902 756 2981 quotuor
769 2889 933 2980 imagines,
954 2887 1034 2962 (vid.
1057 2889 1138 2958 Τὼ.
1157 2888 1175 2952 l.
1197 2969 1206 2991 ι

187 2994 245 3086 fig.
275 3007 342 3080 2.);
363 2992 413 3058 bis
437 2993 587 3084 siquidem
611 2996 797 3086 exprimitur
818 2991 954 3085 pesteris
975 2991 1175 3081 Endymionis

187 3110 324 3190 quotuor
360 3121 516 3164 annorum
552 3099 786 3184 absolutorum,
825 3122 904 3188 queo
936 3096 1060 3162 biennii
1094 3097 1175 3188 cyclo

191 3203 354 3289 successit3
382 3203 542 3292 penteride
567 3204 687 3296 excepit
709 3206 804 3271 octris
826 3201 977 3294 Herpeli,
1007 3212 1080 3268 octo
1103 3227 1175 3292 sym

169 3309 268 3377 'bolis
289 3305 505 3387 (Pe-boue)
527 3320 662 3398 quotuor
683 3309 837 3401 imagines
860 3305 1117 3398 subsequentibus
1133 3309 1175 3373 de

126 3483 132 3501 x
182 3413 284 3482 linito.
329 3408 431 3502 Hujus
466 3413 598 3504 duplum
626 3414 786 3482 constituit
813 3411 891 3478 olim
921 3410 1048 3502 cyclum
1077 3411 1175 3478 Sancti

186 3518 389 3642 Hippoliti't
372 3531 605 3602 tfiennorum,
634 3543 729 3610 quem
758 3541 927 3586 numerum
955 3515 1051 3582 hebet
1077 3515 1176 3607 figure

186 3627 275 3715 cujus
304 3625 522 3704 meminimus,
553 3633 627 3689 octo
655 3621 802 3714 symbolis
829 3619 1036 3689 succedens
1025 3643 1061 3686 ιιι
1087 3619 1176 3686 linee-
1221 3639 1222 3648 ¹

186 3755 259 3805 rum
281 3727 518 3802 mnbinetione.
552 3727 681 3812 Peneis,
711 3725 794 3794 nihil
820 3725 888 3794 lere
914 3725 1067 3817 estquod
1087 3725 1174 3794 simili
