<?xml version="1.0" encoding="UTF-8"?>
<!DOCTYPE html PUBLIC "-//W3C//DTD XHTML 1.0 Transitional//EN"
    "http://www.w3.org/TR/xhtml1/DTD/xhtml1-transitional.dtd">
<html xmlns="http://www.w3.org/1999/xhtml" xml:lang="en" lang="en">
 <head>
  <title>
</title>
<meta http-equiv="Content-Type" content="text/html;charset=utf-8" />
  <meta name='ocr-system' content='tesseract 3.04.00' />
  <meta name='ocr-capabilities' content='ocr_page ocr_carea ocr_par ocr_line ocrx_word'/>
</head>
<body>
  <div class='ocr_page' id='page_1' title='image "./ykingantiquissi00mohlgoog_0826.png"; bbox 0 0 2536 4276; ppageno 0'>
   <div class='ocr_carea' id='block_1_1' title="bbox 499 167 848 264">
    <p class='ocr_par' dir='ltr' id='par_1_1' title="bbox 499 167 848 264">
     <span class='ocr_line' id='line_1_1' title="bbox 499 167 848 264; baseline -0.011 -25"><span class='ocrx_word' id='word_1_1' title='bbox 499 191 538 264; x_wconf 47' lang='grc' dir='ltr'><strong>ἡ</strong></span> <span class='ocrx_word' id='word_1_2' title='bbox 589 167 667 238; x_wconf 17' lang='lat' dir='ltr'><strong>&#39;abts</strong></span> <span class='ocrx_word' id='word_1_3' title='bbox 734 167 786 218; x_wconf 91' lang='lat'>···&#39;</span> <span class='ocrx_word' id='word_1_4' title='bbox 846 247 848 252; x_wconf 21' lang='lat'><strong><em>¹</em></strong></span> 
     </span>
    </p>
   </div>
   <div class='ocr_carea' id='block_1_2' title="bbox 9 298 1256 514">
    <p class='ocr_par' dir='ltr' id='par_1_2' title="bbox 9 298 1256 514">
     <span class='ocr_line' id='line_1_2' title="bbox 14 298 1256 414; baseline -0.008 -22"><span class='ocrx_word' id='word_1_5' title='bbox 14 323 17 353; x_wconf 77' lang='lat'><em>³</em></span> <span class='ocrx_word' id='word_1_6' title='bbox 148 329 332 414; x_wconf 72' lang='lat' dir='ltr'>regnantem</span> <span class='ocrx_word' id='word_1_7' title='bbox 354 331 392 386; x_wconf 70' lang='lat' dir='ltr'><strong>&#39;et</strong></span> <span class='ocrx_word' id='word_1_8' title='bbox 419 331 546 392; x_wconf 82' lang='lat' dir='ltr'><strong>rentum</strong></span> <span class='ocrx_word' id='word_1_9' title='bbox 574 319 675 390; x_wconf 74' lang='lat' dir='ltr'><strong>ferme</strong></span> <span class='ocrx_word' id='word_1_10' title='bbox 700 319 847 388; x_wconf 83' lang='lat' dir='ltr'><strong>diurnum</strong></span> <span class='ocrx_word' id='word_1_11' title='bbox 874 313 911 386; x_wconf 79' lang='lat' dir='ltr'><strong>bt</strong></span> <span class='ocrx_word' id='word_1_12' title='bbox 938 298 1128 388; x_wconf 65' lang='lat' dir='ltr'><strong>heinrico</strong></span> <span class='ocrx_word' id='word_1_13' title='bbox 1251 353 1256 364; x_wconf 71' lang='lat'><em>=</em></span> 
     </span>
     <span class='ocr_line' id='line_1_3' title="bbox 9 421 1127 514; baseline -0.004 -22"><span class='ocrx_word' id='word_1_14' title='bbox 9 449 17 492; x_wconf 80' lang='grc' dir='ltr'><strong>ι</strong></span> <span class='ocrx_word' id='word_1_15' title='bbox 146 423 219 492; x_wconf 82' lang='lat' dir='ltr'><strong>lnde</strong></span> <span class='ocrx_word' id='word_1_16' title='bbox 246 435 293 492; x_wconf 91' lang='lat' dir='ltr'><strong>est</strong></span> <span class='ocrx_word' id='word_1_17' title='bbox 320 423 402 490; x_wconf 83' lang='lat' dir='ltr'><strong>sorte</strong></span> <span class='ocrx_word' id='word_1_18' title='bbox 428 423 482 490; x_wconf 83' lang='lat' dir='ltr'><strong>ille</strong></span> <span class='ocrx_word' id='word_1_19' title='bbox 512 423 675 502; x_wconf 70' lang='lat' dir='ltr'><strong>circulatio</strong></span> <span class='ocrx_word' id='word_1_20' title='bbox 706 435 891 504; x_wconf 86' lang='lat' dir='ltr'><strong>ventorum,</strong></span> <span class='ocrx_word' id='word_1_21' title='bbox 919 445 1013 514; x_wconf 85' lang='lat' dir='ltr'><strong>quam</strong></span> <span class='ocrx_word' id='word_1_22' title='bbox 1035 421 1127 490; x_wconf 86' lang='lat' dir='ltr'><strong>Sinae</strong></span> 
     </span>
    </p>
   </div>
   <div class='ocr_carea' id='block_1_3' title="bbox 147 525 1127 620">
    <p class='ocr_par' dir='ltr' id='par_1_3' title="bbox 147 525 1127 620">
     <span class='ocr_line' id='line_1_4' title="bbox 147 525 1127 620; baseline -0.004 -26"><span class='ocrx_word' id='word_1_23' title='bbox 147 542 235 602; x_wconf 88' lang='lat' dir='ltr'><strong>(rere</strong></span> <span class='ocrx_word' id='word_1_24' title='bbox 256 551 296 596; x_wconf 88' lang='lat' dir='ltr'><strong>en</strong></span> <span class='ocrx_word' id='word_1_25' title='bbox 318 527 411 610; x_wconf 80' lang='lat' dir='ltr'><strong>salso,</strong></span> <span class='ocrx_word' id='word_1_26' title='bbox 433 553 497 594; x_wconf 89' lang='lat' dir='ltr'><strong>non</strong></span> <span class='ocrx_word' id='word_1_27' title='bbox 520 527 605 596; x_wconf 92' lang='lat' dir='ltr'><strong>hic&#39;</strong></span> <span class='ocrx_word' id='word_1_28' title='bbox 596 527 799 620; x_wconf 74' lang='lat' dir='ltr'><strong>inquirimus)</strong></span> <span class='ocrx_word' id='word_1_29' title='bbox 819 537 1015 617; x_wconf 85' lang='lat' dir='ltr'><strong>supponunt,</strong></span> <span class='ocrx_word' id='word_1_30' title='bbox 1037 525 1127 614; x_wconf 86' lang='lat' dir='ltr'><strong>cujus</strong></span> 
     </span>
    </p>
   </div>
   <div class='ocr_carea' id='block_1_4' title="bbox 8 629 1055 724">
    <p class='ocr_par' dir='ltr' id='par_1_4' title="bbox 8 629 1055 724">
     <span class='ocr_line' id='line_1_5' title="bbox 8 629 1055 724; baseline -0.003 -28"><span class='ocrx_word' id='word_1_31' title='bbox 8 663 15 696; x_wconf 81' lang='grc' dir='ltr'><strong>ι</strong></span> <span class='ocrx_word' id='word_1_32' title='bbox 146 631 344 701; x_wconf 85' lang='lat' dir='ltr'><strong>meminimus</strong></span> <span class='ocrx_word' id='word_1_33' title='bbox 365 655 460 724; x_wconf 83' lang='lat' dir='ltr'><strong>supra</strong></span> <span class='ocrx_word' id='word_1_34' title='bbox 482 633 593 723; x_wconf 75' lang='lat' dir='ltr'><strong>Cupite</strong></span> <span class='ocrx_word' id='word_1_35' title='bbox 615 643 675 714; x_wconf 79' lang='lat'><strong>57,</strong></span> <span class='ocrx_word' id='word_1_36' title='bbox 697 633 782 723; x_wconf 86' lang='lat' dir='ltr'><strong>quod</strong></span> <span class='ocrx_word' id='word_1_37' title='bbox 804 629 924 698; x_wconf 75' lang='lat' dir='ltr'><strong>consuti</strong></span> <span class='ocrx_word' id='word_1_38' title='bbox 946 639 1055 720; x_wconf 88' lang='lat' dir='ltr'><strong>potest.</strong></span> 
     </span>
    </p>
   </div>
   <div class='ocr_carea' id='block_1_5' title="bbox 76 731 1161 1033">
    <p class='ocr_par' dir='ltr' id='par_1_5' title="bbox 76 731 1161 1033">
     <span class='ocr_line' id='line_1_6' title="bbox 232 731 1131 853; baseline -0.004 -51"><span class='ocrx_word' id='word_1_39' title='bbox 232 736 280 802; x_wconf 88' lang='lat' dir='ltr'><strong>De</strong></span> <span class='ocrx_word' id='word_1_40' title='bbox 300 735 432 802; x_wconf 83' lang='lat' dir='ltr'><strong>fulmine</strong></span> <span class='ocrx_word' id='word_1_41' title='bbox 454 736 646 828; x_wconf 83' lang='lat' dir='ltr'><strong>tomitruque</strong></span> <span class='ocrx_word' id='word_1_42' title='bbox 666 735 776 853; x_wconf 77' lang='lat' dir='ltr'><strong>quod</strong></span> <span class='ocrx_word' id='word_1_43' title='bbox 767 760 802 800; x_wconf 90' lang='grc' dir='ltr'><strong>ιιι</strong></span> <span class='ocrx_word' id='word_1_44' title='bbox 824 732 1000 826; x_wconf 87' lang='lat' dir='ltr'><strong>exemplum</strong></span> <span class='ocrx_word' id='word_1_45' title='bbox 1020 731 1131 823; x_wconf 63' lang='lat' dir='ltr'><strong>rigidi,</strong></span> 
     </span>
     <span class='ocr_line' id='line_1_7' title="bbox 145 833 1161 932; baseline -0.004 -28"><span class='ocrx_word' id='word_1_46' title='bbox 145 835 251 930; x_wconf 82' lang='lat' dir='ltr'><strong>ligura</strong></span> <span class='ocrx_word' id='word_1_47' title='bbox 271 840 385 908; x_wconf 90' lang='lat' dir='ltr'><strong>Tcui</strong></span> <span class='ocrx_word' id='word_1_48' title='bbox 398 841 551 932; x_wconf 79' lang='lat' dir='ltr'><strong>expressi,</strong></span> <span class='ocrx_word' id='word_1_49' title='bbox 572 839 737 929; x_wconf 71' lang='lat' dir='ltr'><strong>assumpsit</strong></span> <span class='ocrx_word' id='word_1_50' title='bbox 759 837 948 922; x_wconf 69' lang='lat' dir='ltr'><strong>centurius,</strong></span> <span class='ocrx_word' id='word_1_51' title='bbox 977 833 1161 904; x_wconf 50' lang='lat' dir='ltr'><strong>cumea-1</strong></span> 
     </span>
     <span class='ocr_line' id='line_1_8' title="bbox 76 939 1131 1033; baseline -0.002 -27"><span class='ocrx_word' id='word_1_52' title='bbox 76 967 79 974; x_wconf 91' lang='lat'>·</span> <span class='ocrx_word' id='word_1_53' title='bbox 145 941 211 1032; x_wconf 88' lang='lat' dir='ltr'><strong>pite</strong></span> <span class='ocrx_word' id='word_1_54' title='bbox 235 951 276 1012; x_wconf 80' lang='lat'><strong>51</strong></span> <span class='ocrx_word' id='word_1_55' title='bbox 297 944 436 1033; x_wconf 86' lang='lat' dir='ltr'><strong>exposita</strong></span> <span class='ocrx_word' id='word_1_56' title='bbox 457 943 497 1010; x_wconf 86' lang='lat' dir='ltr'><strong>sit</strong></span> <span class='ocrx_word' id='word_1_57' title='bbox 517 943 638 1010; x_wconf 84' lang='lat' dir='ltr'><strong>Sinicae</strong></span> <span class='ocrx_word' id='word_1_58' title='bbox 654 941 868 1033; x_wconf 84' lang='lat' dir='ltr'><strong>philosophiae</strong></span> <span class='ocrx_word' id='word_1_59' title='bbox 883 941 1048 1022; x_wconf 85' lang='lat' dir='ltr'><strong>sententia,</strong></span> <span class='ocrx_word' id='word_1_60' title='bbox 1070 939 1131 1006; x_wconf 89' lang='lat' dir='ltr'><strong>hoc</strong></span> 
     </span>
    </p>
   </div>
   <div class='ocr_carea' id='block_1_6' title="bbox 4 1041 1132 1346">
    <p class='ocr_par' dir='ltr' id='par_1_6' title="bbox 4 1041 1132 1346">
     <span class='ocr_line' id='line_1_9' title="bbox 6 1041 1130 1138; baseline -0.004 -25"><span class='ocrx_word' id='word_1_61' title='bbox 6 1071 11 1126; x_wconf 62' lang='grc' dir='ltr'><strong>ι’</strong></span> <span class='ocrx_word' id='word_1_62' title='bbox 66 1089 70 1102; x_wconf 87' lang='lat'><strong>·</strong></span> <span class='ocrx_word' id='word_1_63' title='bbox 146 1062 246 1114; x_wconf 84' lang='lat' dir='ltr'><strong>unum</strong></span> <span class='ocrx_word' id='word_1_64' title='bbox 274 1045 336 1112; x_wconf 95' lang='lat' dir='ltr'><strong>hoc</strong></span> <span class='ocrx_word' id='word_1_65' title='bbox 367 1046 437 1116; x_wconf 89' lang='lat' dir='ltr'><strong>loco</strong></span> <span class='ocrx_word' id='word_1_66' title='bbox 467 1069 630 1138; x_wconf 83' lang='lat' dir='ltr'><strong>apponam.</strong></span> <span class='ocrx_word' id='word_1_67' title='bbox 674 1045 782 1136; x_wconf 77' lang='lat' dir='ltr'><strong>ttigidi</strong></span> <span class='ocrx_word' id='word_1_68' title='bbox 807 1044 934 1112; x_wconf 86' lang='lat' dir='ltr'><strong>nomine</strong></span> <span class='ocrx_word' id='word_1_69' title='bbox 954 1041 1130 1134; x_wconf 75' lang='lat' dir='ltr'><strong>intelligen-</strong></span> 
     </span>
     <span class='ocr_line' id='line_1_10' title="bbox 5 1143 1132 1240; baseline -0.006 -22"><span class='ocrx_word' id='word_1_70' title='bbox 5 1191 11 1226; x_wconf 60' lang='grc' dir='ltr'><strong>ι</strong></span> <span class='ocrx_word' id='word_1_71' title='bbox 145 1153 238 1234; x_wconf 80' lang='grc' dir='ltr'><strong>ιΙιιιιι,</strong></span> <span class='ocrx_word' id='word_1_72' title='bbox 269 1152 352 1240; x_wconf 89' lang='lat' dir='ltr'><strong>quod</strong></span> <span class='ocrx_word' id='word_1_73' title='bbox 380 1151 437 1217; x_wconf 84' lang='lat' dir='ltr'><strong>sub</strong></span> <span class='ocrx_word' id='word_1_74' title='bbox 466 1149 647 1240; x_wconf 69' lang='lat' dir='ltr'><strong>aequalibus</strong></span> <span class='ocrx_word' id='word_1_75' title='bbox 676 1147 918 1216; x_wconf 83' lang='lat' dir='ltr'><strong>diruenaionibus</strong></span> <span class='ocrx_word' id='word_1_76' title='bbox 946 1147 1011 1214; x_wconf 81' lang='lat' dir='ltr'><strong>rim</strong></span> <span class='ocrx_word' id='word_1_77' title='bbox 1039 1143 1132 1212; x_wconf 88' lang='lat' dir='ltr'><strong>hebet</strong></span> 
     </span>
     <span class='ocr_line' id='line_1_11' title="bbox 4 1249 1131 1346; baseline -0.004 -25"><span class='ocrx_word' id='word_1_78' title='bbox 4 1293 11 1328; x_wconf 61' lang='grc' dir='ltr'><strong>ι</strong></span> <span class='ocrx_word' id='word_1_79' title='bbox 145 1255 183 1320; x_wconf 85' lang='lat' dir='ltr'><strong>ad</strong></span> <span class='ocrx_word' id='word_1_80' title='bbox 211 1253 393 1322; x_wconf 81' lang='lat' dir='ltr'><strong>vincendam</strong></span> <span class='ocrx_word' id='word_1_81' title='bbox 421 1253 659 1346; x_wconf 85' lang='lat' dir='ltr'><strong>impressionem</strong></span> <span class='ocrx_word' id='word_1_82' title='bbox 690 1265 865 1334; x_wconf 75' lang='lat' dir='ltr'><strong>externam,</strong></span> <span class='ocrx_word' id='word_1_83' title='bbox 904 1251 947 1318; x_wconf 91' lang='lat' dir='ltr'><strong>ita</strong></span> <span class='ocrx_word' id='word_1_84' title='bbox 974 1263 1011 1318; x_wconf 90' lang='lat' dir='ltr'><strong>ut</strong></span> <span class='ocrx_word' id='word_1_85' title='bbox 1040 1249 1066 1316; x_wconf 88' lang='lat' dir='ltr'><strong>si</strong></span> <span class='ocrx_word' id='word_1_86' title='bbox 1097 1249 1131 1316; x_wconf 91' lang='lat' dir='ltr'><strong>in</strong></span> 
     </span>
    </p>
   </div>
   <div class='ocr_carea' id='block_1_7' title="bbox 146 1353 1131 1446">
    <p class='ocr_par' dir='ltr' id='par_1_7' title="bbox 146 1353 1131 1446">
     <span class='ocr_line' id='line_1_12' title="bbox 146 1353 1131 1446; baseline -0.004 -22"><span class='ocrx_word' id='word_1_87' title='bbox 146 1369 231 1424; x_wconf 87' lang='lat' dir='ltr'><strong>certo</strong></span> <span class='ocrx_word' id='word_1_88' title='bbox 252 1369 339 1426; x_wconf 89' lang='lat' dir='ltr'><strong>motu</strong></span> <span class='ocrx_word' id='word_1_89' title='bbox 360 1382 379 1424; x_wconf 85' lang='lat' dir='ltr'><strong>a</strong></span> <span class='ocrx_word' id='word_1_90' title='bbox 400 1382 496 1426; x_wconf 81' lang='lat' dir='ltr'><strong>cursu</strong></span> <span class='ocrx_word' id='word_1_91' title='bbox 517 1359 615 1428; x_wconf 86' lang='lat' dir='ltr'><strong>averti</strong></span> <span class='ocrx_word' id='word_1_92' title='bbox 636 1381 691 1426; x_wconf 85' lang='lat' dir='ltr'><strong>seu</strong></span> <span class='ocrx_word' id='word_1_93' title='bbox 711 1358 836 1434; x_wconf 79' lang='lat' dir='ltr'><strong>(leuium</strong></span> <span class='ocrx_word' id='word_1_94' title='bbox 856 1353 926 1424; x_wconf 81' lang='lat' dir='ltr'><strong>fieri</strong></span> <span class='ocrx_word' id='word_1_95' title='bbox 953 1355 1006 1421; x_wconf 82' lang='lat' dir='ltr'><strong>rix</strong></span> <span class='ocrx_word' id='word_1_96' title='bbox 1025 1353 1131 1446; x_wconf 83' lang='lat' dir='ltr'><strong>possit.</strong></span> 
     </span>
    </p>
   </div>
   <div class='ocr_carea' id='block_1_8' title="bbox 3 1449 1133 1553">
    <p class='ocr_par' dir='ltr' id='par_1_8' title="bbox 3 1449 1133 1553">
     <span class='ocr_line' id='line_1_13' title="bbox 3 1449 1133 1553; baseline -0.005 -23"><span class='ocrx_word' id='word_1_97' title='bbox 3 1479 6 1540; x_wconf 65' lang='lat' dir='ltr'><strong>,t</strong></span> <span class='ocrx_word' id='word_1_98' title='bbox 145 1460 279 1530; x_wconf 78' lang='lat' dir='ltr'><strong>Fulmen</strong></span> <span class='ocrx_word' id='word_1_99' title='bbox 300 1461 357 1538; x_wconf 81' lang='lat' dir='ltr'><strong>(sit</strong></span> <span class='ocrx_word' id='word_1_100' title='bbox 377 1461 511 1553; x_wconf 82' lang='lat' dir='ltr'><strong>Physica</strong></span> <span class='ocrx_word' id='word_1_101' title='bbox 533 1463 651 1539; x_wconf 87' lang='lat' dir='ltr'><strong>Sinice)</strong></span> <span class='ocrx_word' id='word_1_102' title='bbox 671 1461 736 1531; x_wconf 82' lang='lat' dir='ltr'><strong>sere</strong></span> <span class='ocrx_word' id='word_1_103' title='bbox 758 1471 877 1528; x_wconf 86' lang='lat' dir='ltr'><strong>constat</strong></span> <span class='ocrx_word' id='word_1_104' title='bbox 898 1483 936 1525; x_wconf 85' lang='lat' dir='ltr'><strong>ex</strong></span> <span class='ocrx_word' id='word_1_105' title='bbox 956 1457 1059 1527; x_wconf 79' lang='lat' dir='ltr'><strong>mixtis</strong></span> <span class='ocrx_word' id='word_1_106' title='bbox 1071 1449 1133 1524; x_wconf 64' lang='lat' dir='ltr'><strong>vhe·</strong></span> 
     </span>
    </p>
   </div>
   <div class='ocr_carea' id='block_1_9' title="bbox 2 1555 1241 1658">
    <p class='ocr_par' dir='ltr' id='par_1_9' title="bbox 2 1555 1241 1658">
     <span class='ocr_line' id='line_1_14' title="bbox 2 1555 1241 1658; baseline 0 -28"><span class='ocrx_word' id='word_1_107' title='bbox 2 1614 5 1643; x_wconf 39' lang='grc' dir='ltr'><strong>ι</strong></span> <span class='ocrx_word' id='word_1_108' title='bbox 147 1563 253 1632; x_wconf 87' lang='lat' dir='ltr'><strong>litibus</strong></span> <span class='ocrx_word' id='word_1_109' title='bbox 277 1589 412 1656; x_wconf 87' lang='lat' dir='ltr'><strong>quorum</strong></span> <span class='ocrx_word' id='word_1_110' title='bbox 434 1565 528 1634; x_wconf 89' lang='lat' dir='ltr'><strong>simul</strong></span> <span class='ocrx_word' id='word_1_111' title='bbox 550 1566 695 1658; x_wconf 85' lang='lat' dir='ltr'><strong>spiritus,</strong></span> <span class='ocrx_word' id='word_1_112' title='bbox 716 1565 789 1636; x_wconf 88' lang='lat' dir='ltr'><strong>licet</strong></span> <span class='ocrx_word' id='word_1_113' title='bbox 810 1565 875 1630; x_wconf 88' lang='lat' dir='ltr'><strong>sine</strong></span> <span class='ocrx_word' id='word_1_114' title='bbox 897 1563 1047 1656; x_wconf 79' lang='lat' dir='ltr'><strong>corpore,</strong></span> <span class='ocrx_word' id='word_1_115' title='bbox 1068 1585 1133 1630; x_wconf 85' lang='lat' dir='ltr'><strong>esso</strong></span> <span class='ocrx_word' id='word_1_116' title='bbox 1238 1555 1241 1564; x_wconf 74' lang='grc'><strong>’</strong></span> 
     </span>
    </p>
   </div>
   <div class='ocr_carea' id='block_1_10' title="bbox 128 1665 1218 3738">
    <p class='ocr_par' dir='ltr' id='par_1_10' title="bbox 128 1665 1218 3738">
     <span class='ocr_line' id='line_1_15' title="bbox 146 1665 1160 1760; baseline -0.003 -25"><span class='ocrx_word' id='word_1_117' title='bbox 146 1670 305 1751; x_wconf 78' lang='lat' dir='ltr'><strong>ridentur,</strong></span> <span class='ocrx_word' id='word_1_118' title='bbox 327 1677 371 1736; x_wconf 88' lang='lat' dir='ltr'><strong>eet</strong></span> <span class='ocrx_word' id='word_1_119' title='bbox 392 1668 595 1740; x_wconf 82' lang='lat' dir='ltr'><strong>nibilominus</strong></span> <span class='ocrx_word' id='word_1_120' title='bbox 617 1670 782 1738; x_wconf 78' lang='lat' dir='ltr'><strong>irretortus</strong></span> <span class='ocrx_word' id='word_1_121' title='bbox 804 1669 884 1739; x_wconf 74' lang='lat' dir='ltr'><strong>sicut</strong></span> <span class='ocrx_word' id='word_1_122' title='bbox 906 1666 1046 1760; x_wconf 79' lang='lat' dir='ltr'><strong>tympani</strong></span> <span class='ocrx_word' id='word_1_123' title='bbox 1067 1665 1131 1760; x_wconf 88' lang='lat' dir='ltr'><strong>pel·</strong></span> <span class='ocrx_word' id='word_1_124' title='bbox 1157 1719 1160 1726; x_wconf 80' lang='grc'><em>,</em></span> 
     </span>
     <span class='ocr_line' id='line_1_16' title="bbox 146 1773 979 1866; baseline 0.002 -28"><span class='ocrx_word' id='word_1_125' title='bbox 146 1773 204 1854; x_wconf 87' lang='lat' dir='ltr'><strong>lis,</strong></span> <span class='ocrx_word' id='word_1_126' title='bbox 226 1773 269 1840; x_wconf 90' lang='lat' dir='ltr'><strong>ita</strong></span> <span class='ocrx_word' id='word_1_127' title='bbox 289 1784 325 1840; x_wconf 86' lang='lat' dir='ltr'><strong>ut</strong></span> <span class='ocrx_word' id='word_1_128' title='bbox 345 1795 395 1840; x_wconf 86' lang='lat' dir='ltr'><strong>rea</strong></span> <span class='ocrx_word' id='word_1_129' title='bbox 416 1797 633 1864; x_wconf 75' lang='lat' dir='ltr'><strong>magnaeqcn</strong></span> <span class='ocrx_word' id='word_1_130' title='bbox 654 1775 773 1866; x_wconf 81' lang='lat' dir='ltr'><strong>possint</strong></span> <span class='ocrx_word' id='word_1_131' title='bbox 794 1774 979 1842; x_wconf 59' lang='lat' dir='ltr'><strong>invertere«</strong></span> 
     </span>
     <span class='ocr_line' id='line_1_17' title="bbox 231 1871 1218 1970; baseline -0.004 -24"><span class='ocrx_word' id='word_1_132' title='bbox 231 1875 436 1968; x_wconf 71' lang='lat' dir='ltr'><strong>Rapialitntom</strong></span> <span class='ocrx_word' id='word_1_133' title='bbox 457 1877 560 1970; x_wconf 87' lang='lat' dir='ltr'><strong>itaquo</strong></span> <span class='ocrx_word' id='word_1_134' title='bbox 583 1903 618 1946; x_wconf 87' lang='lat' dir='ltr'><strong>ec</strong></span> <span class='ocrx_word' id='word_1_135' title='bbox 636 1879 817 1947; x_wconf 82' lang='lat' dir='ltr'><strong>riolentiarn</strong></span> <span class='ocrx_word' id='word_1_136' title='bbox 829 1873 1051 1966; x_wconf 82' lang='lat' dir='ltr'><strong>resistendique</strong></span> <span class='ocrx_word' id='word_1_137' title='bbox 1067 1871 1132 1942; x_wconf 88' lang='lat' dir='ltr'><strong>rim</strong></span> <span class='ocrx_word' id='word_1_138' title='bbox 1214 1940 1218 1950; x_wconf 79' lang='grc'><strong>,</strong></span> 
     </span>
     <span class='ocr_line' id='line_1_18' title="bbox 145 1967 1177 2074; baseline -0.003 -26"><span class='ocrx_word' id='word_1_139' title='bbox 145 1994 320 2074; x_wconf 71' lang='lat' dir='ltr'><strong>agnoscunt</strong></span> <span class='ocrx_word' id='word_1_140' title='bbox 342 1981 433 2050; x_wconf 79' lang='lat' dir='ltr'><strong>Since</strong></span> <span class='ocrx_word' id='word_1_141' title='bbox 455 1982 490 2048; x_wconf 88' lang='lat' dir='ltr'><strong>in</strong></span> <span class='ocrx_word' id='word_1_142' title='bbox 511 1981 573 2050; x_wconf 92' lang='lat' dir='ltr'><strong>hoc</strong></span> <span class='ocrx_word' id='word_1_143' title='bbox 592 1983 734 2074; x_wconf 76' lang='lat' dir='ltr'><strong>symbolo</strong></span> <span class='ocrx_word' id='word_1_144' title='bbox 756 1982 876 2070; x_wconf 85' lang='lat' dir='ltr'><strong>Toni,</strong></span> <span class='ocrx_word' id='word_1_145' title='bbox 912 1992 943 2048; x_wconf 84' lang='lat' dir='ltr'><strong>et</strong></span> <span class='ocrx_word' id='word_1_146' title='bbox 964 1967 990 2048; x_wconf 79' lang='lat' dir='ltr'><strong>si</strong></span> <span class='ocrx_word' id='word_1_147' title='bbox 1011 1979 1132 2046; x_wconf 83' lang='lat' dir='ltr'><strong>fulmen</strong></span> <span class='ocrx_word' id='word_1_148' title='bbox 1173 2003 1177 2016; x_wconf 79' lang='lat'><strong><em>¹</em></strong></span> 
     </span>
     <span class='ocr_line' id='line_1_19' title="bbox 145 2081 1206 2177; baseline -0.004 -25"><span class='ocrx_word' id='word_1_149' title='bbox 145 2097 348 2177; x_wconf 76' lang='lat' dir='ltr'><strong>component,</strong></span> <span class='ocrx_word' id='word_1_150' title='bbox 369 2111 407 2152; x_wconf 86' lang='lat' dir='ltr'><strong>ex</strong></span> <span class='ocrx_word' id='word_1_151' title='bbox 429 2085 674 2156; x_wconf 72' lang='lat' dir='ltr'><strong>exhalationibus</strong></span> <span class='ocrx_word' id='word_1_152' title='bbox 690 2087 787 2154; x_wconf 85' lang='lat' dir='ltr'><strong>ferme</strong></span> <span class='ocrx_word' id='word_1_153' title='bbox 806 2084 1004 2154; x_wconf 70' lang='lat' dir='ltr'><strong>terrestribus</strong></span> <span class='ocrx_word' id='word_1_154' title='bbox 1020 2081 1132 2172; x_wconf 78' lang='lat' dir='ltr'><strong>coactie</strong></span> <span class='ocrx_word' id='word_1_155' title='bbox 1202 2123 1206 2140; x_wconf 86' lang='lat'><strong>·</strong></span> 
     </span>
     <span class='ocr_line' id='line_1_20' title="bbox 143 2189 1132 2288; baseline 0 -32"><span class='ocrx_word' id='word_1_156' title='bbox 143 2203 175 2256; x_wconf 86' lang='lat' dir='ltr'><strong>et</strong></span> <span class='ocrx_word' id='word_1_157' title='bbox 196 2191 330 2283; x_wconf 80' lang='lat' dir='ltr'><strong>eliquans</strong></span> <span class='ocrx_word' id='word_1_158' title='bbox 353 2193 502 2260; x_wconf 83' lang='lat' dir='ltr'><strong>duntaxet</strong></span> <span class='ocrx_word' id='word_1_159' title='bbox 531 2191 677 2262; x_wconf 74' lang='lat' dir='ltr'><strong>neurim</strong></span> <span class='ocrx_word' id='word_1_160' title='bbox 705 2189 844 2256; x_wconf 85' lang='lat' dir='ltr'><strong>coelestis</strong></span> <span class='ocrx_word' id='word_1_161' title='bbox 873 2189 988 2288; x_wconf 48' lang='lat' dir='ltr'><strong>Y&#39;ang</strong></span> <span class='ocrx_word' id='word_1_162' title='bbox 1008 2200 1132 2280; x_wconf 80' lang='lat' dir='ltr'><strong>pectene</strong></span> 
     </span>
     <span class='ocr_line' id='line_1_21' title="bbox 145 2293 1131 2386; baseline -0.002 -26"><span class='ocrx_word' id='word_1_163' title='bbox 145 2317 248 2362; x_wconf 86' lang='lat' dir='ltr'><strong>secum</strong></span> <span class='ocrx_word' id='word_1_164' title='bbox 271 2295 482 2378; x_wconf 74' lang='lat' dir='ltr'><strong>trahentibus,</strong></span> <span class='ocrx_word' id='word_1_165' title='bbox 508 2321 577 2366; x_wconf 74' lang='lat' dir='ltr'><strong>esur</strong></span> <span class='ocrx_word' id='word_1_166' title='bbox 604 2293 720 2362; x_wconf 83' lang='lat' dir='ltr'><strong>scilicet</strong></span> <span class='ocrx_word' id='word_1_167' title='bbox 746 2319 763 2360; x_wconf 85' lang='lat' dir='ltr'><strong>u</strong></span> <span class='ocrx_word' id='word_1_168' title='bbox 794 2319 855 2386; x_wconf 88' lang='lat' dir='ltr'><strong>qua</strong></span> <span class='ocrx_word' id='word_1_169' title='bbox 878 2303 998 2358; x_wconf 88' lang='lat' dir='ltr'><strong>motum</strong></span> <span class='ocrx_word' id='word_1_170' title='bbox 1023 2315 1131 2358; x_wconf 88' lang='lat' dir='ltr'><strong>conco·</strong></span> 
     </span>
     <span class='ocr_line' id='line_1_22' title="bbox 143 2385 1155 2489; baseline 0 -27"><span class='ocrx_word' id='word_1_171' title='bbox 143 2421 218 2487; x_wconf 89' lang='lat' dir='ltr'><strong>pere</strong></span> <span class='ocrx_word' id='word_1_172' title='bbox 240 2397 325 2466; x_wconf 88' lang='lat' dir='ltr'><strong>etin</strong></span> <span class='ocrx_word' id='word_1_173' title='bbox 348 2423 408 2488; x_wconf 89' lang='lat' dir='ltr'><strong>qua</strong></span> <span class='ocrx_word' id='word_1_174' title='bbox 431 2397 552 2489; x_wconf 77' lang='lat' dir='ltr'><strong>ligures</strong></span> <span class='ocrx_word' id='word_1_175' title='bbox 573 2399 654 2468; x_wconf 84' lang='lat' dir='ltr'><strong>basia</strong></span> <span class='ocrx_word' id='word_1_176' title='bbox 676 2395 898 2487; x_wconf 85' lang='lat' dir='ltr'><strong>vinculumque</strong></span> <span class='ocrx_word' id='word_1_177' title='bbox 911 2385 1155 2483; x_wconf 78' lang='lat' dir='ltr'><strong>constituitur3&#39;</strong></span> 
     </span>
     <span class='ocr_line' id='line_1_23' title="bbox 143 2497 1130 2596; baseline -0.002 -28"><span class='ocrx_word' id='word_1_178' title='bbox 143 2527 330 2594; x_wconf 82' lang='lat' dir='ltr'><strong>quemquern</strong></span> <span class='ocrx_word' id='word_1_179' title='bbox 346 2501 407 2566; x_wconf 85' lang='lat' dir='ltr'><strong>dici</strong></span> <span class='ocrx_word' id='word_1_180' title='bbox 425 2513 525 2592; x_wconf 81' lang='lat' dir='ltr'><strong>potcet</strong></span> <span class='ocrx_word' id='word_1_181' title='bbox 543 2503 577 2570; x_wconf 86' lang='lat' dir='ltr'><strong>in</strong></span> <span class='ocrx_word' id='word_1_182' title='bbox 593 2503 652 2572; x_wconf 78' lang='lat' dir='ltr'><strong>hec</strong></span> <span class='ocrx_word' id='word_1_183' title='bbox 666 2501 802 2596; x_wconf 86' lang='lat' dir='ltr'><strong>symboli</strong></span> <span class='ocrx_word' id='word_1_184' title='bbox 813 2497 942 2568; x_wconf 87' lang='lat' dir='ltr'><strong>Tch&#39;in</strong></span> <span class='ocrx_word' id='word_1_185' title='bbox 958 2497 1130 2590; x_wconf 81' lang='lat' dir='ltr'><strong>delinienda</strong></span> 
     </span>
     <span class='ocr_line' id='line_1_24' title="bbox 143 2601 1130 2695; baseline -0.001 -25"><span class='ocrx_word' id='word_1_186' title='bbox 143 2605 369 2695; x_wconf 79' lang='lat' dir='ltr'><strong>significatione</strong></span> <span class='ocrx_word' id='word_1_187' title='bbox 384 2605 573 2675; x_wconf 83' lang='lat' dir='ltr'><strong>Conlucium</strong></span> <span class='ocrx_word' id='word_1_188' title='bbox 595 2607 738 2674; x_wconf 72' lang='lat' dir='ltr'><strong>habuisse</strong></span> <span class='ocrx_word' id='word_1_189' title='bbox 760 2605 910 2675; x_wconf 86' lang='lat' dir='ltr'><strong>rationc&#39;m</strong></span> <span class='ocrx_word' id='word_1_190' title='bbox 933 2627 1048 2674; x_wconf 80' lang='lat' dir='ltr'><strong>maesse</strong></span> <span class='ocrx_word' id='word_1_191' title='bbox 1070 2601 1130 2670; x_wconf 83' lang='lat' dir='ltr'><strong>ful·</strong></span> 
     </span>
     <span class='ocr_line' id='line_1_25' title="bbox 142 2690 1211 2803; baseline 0.002 -27"><span class='ocrx_word' id='word_1_192' title='bbox 142 2710 280 2792; x_wconf 74' lang='lat' dir='ltr'><strong>nunnae,</strong></span> <span class='ocrx_word' id='word_1_193' title='bbox 313 2730 408 2800; x_wconf 82' lang='lat' dir='ltr'><strong>quern</strong></span> <span class='ocrx_word' id='word_1_194' title='bbox 434 2709 553 2800; x_wconf 81' lang='lat' dir='ltr'><strong>antiqui</strong></span> <span class='ocrx_word' id='word_1_195' title='bbox 582 2710 618 2776; x_wconf 90' lang='lat' dir='ltr'><strong>in</strong></span> <span class='ocrx_word' id='word_1_196' title='bbox 645 2710 767 2803; x_wconf 72' lang='lat' dir='ltr'><strong>mugnis</strong></span> <span class='ocrx_word' id='word_1_197' title='bbox 796 2690 1116 2776; x_wconf 77' lang='lat' dir='ltr'><strong>fulminationibus</strong></span> <span class='ocrx_word' id='word_1_198' title='bbox 1085 2733 1129 2778; x_wconf 86' lang='grc' dir='ltr'><strong>ιι·</strong></span> <span class='ocrx_word' id='word_1_199' title='bbox 1207 2719 1211 2725; x_wconf 83' lang='grc'><em>“</em></span> 
     </span>
     <span class='ocr_line' id='line_1_26' title="bbox 141 2811 1128 2916; baseline 0 -38"><span class='ocrx_word' id='word_1_200' title='bbox 141 2811 228 2878; x_wconf 86' lang='lat' dir='ltr'><strong>brari</strong></span> <span class='ocrx_word' id='word_1_201' title='bbox 250 2811 371 2902; x_wconf 86' lang='lat' dir='ltr'><strong>opinati</strong></span> <span class='ocrx_word' id='word_1_202' title='bbox 393 2823 479 2894; x_wconf 82' lang='lat' dir='ltr'><strong>sunt,</strong></span> <span class='ocrx_word' id='word_1_203' title='bbox 513 2823 545 2878; x_wconf 85' lang='lat' dir='ltr'><strong>et</strong></span> <span class='ocrx_word' id='word_1_204' title='bbox 569 2837 663 2916; x_wconf 86' lang='lat' dir='ltr'><strong>quom</strong></span> <span class='ocrx_word' id='word_1_205' title='bbox 694 2815 787 2880; x_wconf 84' lang='lat' dir='ltr'><strong>Chi·</strong></span> <span class='ocrx_word' id='word_1_206' title='bbox 778 2826 906 2906; x_wconf 77' lang='lat' dir='ltr'><strong>--tang</strong></span> <span class='ocrx_word' id='word_1_207' title='bbox 895 2811 990 2882; x_wconf 84' lang='lat' dir='ltr'><strong>-lrou</strong></span> <span class='ocrx_word' id='word_1_208' title='bbox 1013 2813 1128 2906; x_wconf 88' lang='lat' dir='ltr'><strong>eliique</strong></span> 
     </span>
     <span class='ocr_line' id='line_1_27' title="bbox 141 2907 1127 2992; baseline 0.007 -12"><span class='ocrx_word' id='word_1_209' title='bbox 141 2925 270 2982; x_wconf 82' lang='lat' dir='ltr'><strong>nearent</strong></span> <span class='ocrx_word' id='word_1_210' title='bbox 297 2913 450 2982; x_wconf 79' lang='lat' dir='ltr'><strong>inveniere</strong></span> <span class='ocrx_word' id='word_1_211' title='bbox 480 2916 620 2982; x_wconf 87' lang='lat' dir='ltr'><strong>homines</strong></span> <span class='ocrx_word' id='word_1_212' title='bbox 655 2942 719 2990; x_wconf 88' lang='lat' dir='ltr'><strong>non</strong></span> <span class='ocrx_word' id='word_1_213' title='bbox 753 2917 924 2989; x_wconf 86' lang='lat' dir='ltr'><strong>absimilem</strong></span> <span class='ocrx_word' id='word_1_214' title='bbox 951 2907 1127 2992; x_wconf 82' lang='lat' dir='ltr'><strong>metallicae</strong></span> 
     </span>
     <span class='ocr_line' id='line_1_28' title="bbox 142 3017 1126 3120; baseline 0.008 -36"><span class='ocrx_word' id='word_1_215' title='bbox 142 3017 252 3084; x_wconf 83' lang='lat' dir='ltr'><strong>securi.</strong></span> <span class='ocrx_word' id='word_1_216' title='bbox 285 3017 421 3100; x_wconf 80' lang='lat' dir='ltr'><strong>Venun,</strong></span> <span class='ocrx_word' id='word_1_217' title='bbox 443 3019 488 3084; x_wconf 88' lang='lat' dir='ltr'><strong>ait</strong></span> <span class='ocrx_word' id='word_1_218' title='bbox 508 3021 614 3087; x_wconf 84' lang='lat' dir='ltr'><strong>Nen-</strong></span> <span class='ocrx_word' id='word_1_219' title='bbox 603 3045 736 3088; x_wconf 84' lang='lat' dir='ltr'><strong>--suen</strong></span> <span class='ocrx_word' id='word_1_220' title='bbox 746 3021 891 3118; x_wconf 75' lang='lat' dir='ltr'><strong>tchanq</strong></span> <span class='ocrx_word' id='word_1_221' title='bbox 911 3035 981 3116; x_wconf 84' lang='lat' dir='ltr'><strong>poet</strong></span> <span class='ocrx_word' id='word_1_222' title='bbox 1002 3023 1126 3120; x_wconf 69' lang='lat' dir='ltr'><strong>lleng·</strong></span> 
     </span>
     <span class='ocr_line' id='line_1_29' title="bbox 141 3117 1126 3214; baseline 0.011 -28"><span class='ocrx_word' id='word_1_223' title='bbox 141 3117 231 3204; x_wconf 83' lang='lat' dir='ltr'><strong>ltou,</strong></span> <span class='ocrx_word' id='word_1_224' title='bbox 261 3119 464 3213; x_wconf 82' lang='lat' dir='ltr'><strong>quaecunque</strong></span> <span class='ocrx_word' id='word_1_225' title='bbox 486 3123 602 3190; x_wconf 79' lang='lat' dir='ltr'><strong>elicitur</strong></span> <span class='ocrx_word' id='word_1_226' title='bbox 622 3135 745 3214; x_wconf 85' lang='lat' dir='ltr'><strong>reperte</strong></span> <span class='ocrx_word' id='word_1_227' title='bbox 766 3149 882 3208; x_wconf 82' lang='lat' dir='ltr'><strong>messe,</strong></span> <span class='ocrx_word' id='word_1_228' title='bbox 911 3127 1010 3196; x_wconf 79' lang='lat' dir='ltr'><strong>existit</strong></span> <span class='ocrx_word' id='word_1_229' title='bbox 1031 3125 1086 3196; x_wconf 88' lang='lat' dir='ltr'><strong>illa</strong></span> <span class='ocrx_word' id='word_1_230' title='bbox 1107 3151 1126 3197; x_wconf 76' lang='lat' dir='ltr'><strong>n</strong></span> 
     </span>
     <span class='ocr_line' id='line_1_30' title="bbox 128 3225 1125 3329; baseline 0.012 -37"><span class='ocrx_word' id='word_1_231' title='bbox 128 3225 277 3292; x_wconf 42' lang='lat' dir='ltr'><strong>&#39;materiis</strong></span> <span class='ocrx_word' id='word_1_232' title='bbox 299 3239 382 3294; x_wconf 87' lang='lat' dir='ltr'><strong>recta</strong></span> <span class='ocrx_word' id='word_1_233' title='bbox 403 3227 693 3318; x_wconf 76' lang='lat' dir='ltr'><strong>praecipitantibus,</strong></span> <span class='ocrx_word' id='word_1_234' title='bbox 715 3229 890 3324; x_wconf 83' lang='lat' dir='ltr'><strong>molemque</strong></span> <span class='ocrx_word' id='word_1_235' title='bbox 909 3228 1125 3329; x_wconf 80' lang='lat' dir='ltr'><strong>efficientibus,</strong></span> 
     </span>
     <span class='ocr_line' id='line_1_31' title="bbox 138 3328 1125 3426; baseline 0.012 -30"><span class='ocrx_word' id='word_1_236' title='bbox 138 3328 188 3396; x_wconf 91' lang='lat' dir='ltr'><strong>uti</strong></span> <span class='ocrx_word' id='word_1_237' title='bbox 208 3329 317 3398; x_wconf 81' lang='lat' dir='ltr'><strong>accidit</strong></span> <span class='ocrx_word' id='word_1_238' title='bbox 336 3329 433 3400; x_wconf 87' lang='lat' dir='ltr'><strong>stallis</strong></span> <span class='ocrx_word' id='word_1_239' title='bbox 455 3355 529 3423; x_wconf 75' lang='lat' dir='ltr'><strong>qius</strong></span> <span class='ocrx_word' id='word_1_240' title='bbox 550 3331 686 3426; x_wconf 89' lang='lat' dir='ltr'><strong>populna</strong></span> <span class='ocrx_word' id='word_1_241' title='bbox 708 3335 845 3403; x_wconf 85' lang='lat' dir='ltr'><strong>cadentes</strong></span> <span class='ocrx_word' id='word_1_242' title='bbox 867 3333 1004 3405; x_wconf 87' lang='lat' dir='ltr'><strong>dicit..</strong></span> <span class='ocrx_word' id='word_1_243' title='bbox 1028 3363 1125 3408; x_wconf 71' lang='lat' dir='ltr'><strong>,non</strong></span> 
     </span>
     <span class='ocr_line' id='line_1_32' title="bbox 138 3433 1123 3527; baseline 0.012 -26"><span class='ocrx_word' id='word_1_244' title='bbox 138 3435 222 3526; x_wconf 86' lang='lat' dir='ltr'><strong>qood</strong></span> <span class='ocrx_word' id='word_1_245' title='bbox 243 3457 341 3506; x_wconf 81' lang='lat' dir='ltr'><strong>maesn</strong></span> <span class='ocrx_word' id='word_1_246' title='bbox 361 3433 447 3503; x_wconf 79' lang='lat' dir='ltr'><strong>itta</strong></span> <span class='ocrx_word' id='word_1_247' title='bbox 438 3459 470 3502; x_wconf 92' lang='grc' dir='ltr'><strong>ιιι</strong></span> <span class='ocrx_word' id='word_1_248' title='bbox 490 3437 594 3504; x_wconf 82' lang='lat' dir='ltr'><strong>medin</strong></span> <span class='ocrx_word' id='word_1_249' title='bbox 615 3439 754 3527; x_wconf 82' lang='lat' dir='ltr'><strong>pendent.</strong></span> <span class='ocrx_word' id='word_1_250' title='bbox 788 3437 877 3508; x_wconf 87' lang='lat' dir='ltr'><strong>Coeli</strong></span> <span class='ocrx_word' id='word_1_251' title='bbox 898 3433 1036 3518; x_wconf 76' lang='lat' dir='ltr'><strong>mediisin</strong></span> <span class='ocrx_word' id='word_1_252' title='bbox 1058 3467 1123 3512; x_wconf 87' lang='lat' dir='ltr'><strong>nen</strong></span> 
     </span>
     <span class='ocr_line' id='line_1_33' title="bbox 137 3539 1123 3642; baseline 0.013 -36"><span class='ocrx_word' id='word_1_253' title='bbox 137 3539 231 3606; x_wconf 90' lang='lat' dir='ltr'><strong>babet</strong></span> <span class='ocrx_word' id='word_1_254' title='bbox 253 3539 314 3606; x_wconf 84' lang='lat' dir='ltr'><strong>nisi</strong></span> <span class='ocrx_word' id='word_1_255' title='bbox 335 3540 464 3631; x_wconf 84' lang='lat' dir='ltr'><strong>spiritus</strong></span> <span class='ocrx_word' id='word_1_256' title='bbox 485 3540 693 3642; x_wconf 76' lang='lat' dir='ltr'><strong>helitusque,</strong></span> <span class='ocrx_word' id='word_1_257' title='bbox 689 3539 869 3642; x_wconf 70' lang='lat' dir='ltr'><strong>liquentem</strong></span> <span class='ocrx_word' id='word_1_258' title='bbox 882 3547 1042 3629; x_wconf 85' lang='lat' dir='ltr'><strong>materiam</strong></span> <span class='ocrx_word' id='word_1_259' title='bbox 1056 3573 1123 3619; x_wconf 89' lang='lat' dir='ltr'><strong>non</strong></span> 
     </span>
     <span class='ocr_line' id='line_1_34' title="bbox 136 3623 1120 3738; baseline 0.013 -29"><span class='ocrx_word' id='word_1_260' title='bbox 136 3641 245 3731; x_wconf 81' lang='lat' dir='ltr'><strong>hebet3</strong></span> <span class='ocrx_word' id='word_1_261' title='bbox 275 3655 306 3710; x_wconf 84' lang='lat' dir='ltr'><strong>et</strong></span> <span class='ocrx_word' id='word_1_262' title='bbox 335 3643 367 3710; x_wconf 86' lang='lat' dir='ltr'><strong>id</strong></span> <span class='ocrx_word' id='word_1_263' title='bbox 389 3645 471 3738; x_wconf 87' lang='lat' dir='ltr'><strong>quod</strong></span> <span class='ocrx_word' id='word_1_264' title='bbox 493 3646 531 3712; x_wconf 90' lang='lat' dir='ltr'><strong>ab</strong></span> <span class='ocrx_word' id='word_1_265' title='bbox 552 3669 591 3714; x_wconf 90' lang='lat' dir='ltr'><strong>eo</strong></span> <span class='ocrx_word' id='word_1_266' title='bbox 608 3623 735 3732; x_wconf 86' lang='lat' dir='ltr'><strong>decidit,</strong></span> <span class='ocrx_word' id='word_1_267' title='bbox 766 3649 822 3714; x_wconf 91' lang='lat' dir='ltr'><strong>uhi</strong></span> <span class='ocrx_word' id='word_1_268' title='bbox 851 3649 989 3722; x_wconf 80' lang='lat' dir='ltr'><strong>occurrit</strong></span> <span class='ocrx_word' id='word_1_269' title='bbox 1010 3661 1120 3738; x_wconf 79' lang='lat' dir='ltr'><strong>terrae,</strong></span> 
     </span>
    </p>
   </div>
   <div class='ocr_carea' id='block_1_11' title="bbox 137 3745 1133 3940">
    <p class='ocr_par' dir='ltr' id='par_1_11' title="bbox 137 3745 1133 3940">
     <span class='ocr_line' id='line_1_35' title="bbox 137 3745 1133 3907; baseline -0.01 -85"><span class='ocrx_word' id='word_1_270' title='bbox 137 3759 213 3822; x_wconf 80' lang='lat' dir='ltr'><strong>tuuc</strong></span> <span class='ocrx_word' id='word_1_271' title='bbox 246 3745 452 3842; x_wconf 69' lang='lat' dir='ltr'><strong>liguratur</strong></span> <span class='ocrx_word' id='word_1_272' title='bbox 440 3775 477 3820; x_wconf 89' lang='grc' dir='ltr'><strong>ιιι</strong></span> <span class='ocrx_word' id='word_1_273' title='bbox 513 3749 594 3822; x_wconf 79' lang='lat' dir='ltr'><strong>hunc</strong></span> <span class='ocrx_word' id='word_1_274' title='bbox 633 3775 780 3854; x_wconf 78' lang='grc' dir='ltr'><strong>ιιιιιιιιιι,</strong></span> <span class='ocrx_word' id='word_1_275' title='bbox 809 3776 927 3849; x_wconf 73' lang='lat' dir='ltr'><strong>quse</strong></span> <span class='ocrx_word' id='word_1_276' title='bbox 919 3755 1057 3907; x_wconf 54' lang='lat' dir='ltr'><strong>upupae,</strong></span> <span class='ocrx_word' id='word_1_277' title='bbox 1024 3755 1133 3840; x_wconf 56' lang='lat' dir='ltr'><strong>mh.</strong></span> 
     </span>
     <span class='ocr_line' id='line_1_36' title="bbox 239 3869 927 3940; baseline -0.004 1"><span class='ocrx_word' id='word_1_278' title='bbox 239 3923 240 3930; x_wconf 32' lang='lat' dir='ltr'><strong>a</strong></span> <span class='ocrx_word' id='word_1_279' title='bbox 318 3921 326 3940; x_wconf 77' lang='grc'>.</span> <span class='ocrx_word' id='word_1_280' title='bbox 859 3869 927 3938; x_wconf 54' lang='grc'><strong>,36</strong></span> 
     </span>
    </p>
   </div>
   <div class='ocr_carea' id='block_1_12' title="bbox 0 0 1272 4276">
    <p class='ocr_par' dir='ltr' id='par_1_12' title="bbox 0 0 1272 4276">
     <span class='ocr_line' id='line_1_37' title="bbox 0 0 1272 4276; baseline 0 3"><span class='ocrx_word' id='word_1_281' title='bbox 0 0 1272 4276; x_wconf 95' lang='lat' dir='ltr'><strong> </strong></span> 
     </span>
    </p>
   </div>
  </div>
 </body>
</html>
