2404 4288
108 385 142 446 2)
160 376 241 434 Sunt
256 374 309 450 qui
327 373 379 450 rix
397 373 511 430 delibata
523 376 609 447 ,liujus
629 376 722 451 quarti
741 373 911 432 emblematis
929 373 1043 454 physica

40 467 233 541 expliutiom
250 464 445 522 acl-moralem
462 483 568 519 ιιιιιιιιιι
585 474 657 521 ιοιοι
675 483 704 520 se
719 472 898 520 convertunt.
922 489 953 533 μ,
955 463 1043 518 Linea

39 556 144 630 (inquit
171 556 325 627 interpres
356 551 518 606 clarissimus
545 553 690 626 Telsing-
696 563 743 608 tss
774 549 805 608 in
831 552 909 608 huno
936 552 1043 614 loeum)

43 663 111 718 quse
127 645 156 698 in
172 642 291 716 ligures
309 649 397 712 parte
415 639 483 693 infin
519 641 594 713 pieta
612 651 661 706 est,
680 641 776 699 rudem
791 640 923 694 virtutem
932 641 982 694 Yn
994 657 1042 723 Ι-οι

48 733 126 802 nites,
149 731 316 804 populique
344 727 485 782 infantiam
502 728 616 784 indicat.
653 727 771 803 Utrique
789 729 936 798 convenit,
965 707 1042 802 qtiod

52 821 81 876 in
100 821 213 890 subiecto
237 817 459 892 epiphonemate
476 817 580 874 dicitasr
598 819 632 873 de
650 819 770 874 tollenda
787 817 913 874 infantie.
950 818 1041 890 Popn

52 911 92 962 lus
108 909 178 963 rudis
194 909 388 980 incultusque
407 906 482 960 debet
497 909 590 980 palam
610 905 755 960 admoneri
775 905 848 960 de''
827 925 862 960 ns
878 923 949 980 quae
961 915 1040 960 certe

55 1015 142 1070 poena,
155 1013 182 1052 ι.
193 1017 222 1070 g.
243 993 367 1068 capitali
385 995 578 1067 prohibentur,
600 1005 631 1049 ut
650 989 755 1050 scilicet
772 979 839 1048 seiat
856 995 925 1069 quid
944 993 1041 1050 timon

56 1088 112 1138 dnm
126 1087 229 1142 lebat.
270 1082 407 1138 Territus
431 1086 493 1138 dum
516 1085 657 1159 sequitur,
684 1091 751 1138 tuno
770 1084 925 1157 praeceptis
944 1093 983 1137 est
1003 1083 1040 1139 ad

54 1175 167 1228 vimen
185 1172 384 1241 erudiendus,
404 1183 435 1226 ut
454 1191 522 1247 quae
538 1183 663 1228 metuens
681 1171 839 1246 inritusque
856 1172 979 1250 primum
998 1191 1040 1226 se·

53 1273 121 1316 cuuis
143 1273 190 1330 est,
216 1263 320 1317 eadem
337 1263 397 1331 jam
413 1263 492 1317 ultro
513 1263 667 1336 laetusque]
682 1262 871 1332 amplectatur,
899 1270 926 1314 et
953 1279 1040 1334 agere

54 1359 123 1404 anet⁴
152 1351 243 1426 (luam
264 1351 303 1406 ols
323 1367 435 1404 eausam
452 1349 558 1424 antiqui
577 1348 668 1404 saneti
683 1367 764 1422 reges
783 1348 1040 1423 (Ouenouang,

59 1437 215 1514 [lu-onang
233 1440 362 1518 aliique)
387 1448 421 1514 ut
444 1439 478 1494 ad
501 1439 653 1514 regendum
671 1437 820 1509 imperium
837 1437 929 1510 primo
947 1455 1037 1492 acees-

57 1537 148 1596 seruat,
166 1521 254 1584 statim
275 1545 440 1602 poenarum
463 1529 536 1601 leges
558 1535 788 1600 proposuerunt,
816 1543 885 1600 quas
910 1526 1037 1580 omnibus

58 1624 129 1668 notae
144 1629 239 1690 usent5
266 1617 306 1671 ael
327 1616 393 1672 illos
412 1615 510 1670 deinde
525 1616 675 1686 'docendos‚
693 1615 829 1688 bonisque
846 1615 969 1669 moribus
988 1614 1037 1694 im:
1136 1637 1140 1656 ι

57 1701 161 1758 tanta
176 1707 275 1760 attenti
297 1705 391 1758 inere.
416 1705 496 1762 Prius
515 1713 555 1760 est
572 1704 662 1778 igitur
679 1703 825 1760 continere
843 1703 940 1776 poenis
952 1722 1036 1778 (ιιιιιι

60 1788 160 1847 lemn-e
176 1793 351 1867 praeceptis.
385 1791 466 1851 Licet
491 1793 533 1854 illi
558 1792 647 1848 sanni
671 1791 783 1850 maximi
810 1791 933 1848 lacerent
950 1792 1037 1848 virtu-

59 1885 111 1946 ten,
125 1882 197 1938 nihili
214 1882 410 1956 punitionem,
427 1882 499 1936 hane
513 1891 604 1936 tamen
622 1880 740 1940 formam
758 1899 815 1937 non
833 1890 1017 1940 mutaverunt
1020 1891 1037 1926 e

58 1963 166 2022 lemn'
158 1989 183 2024 ιιι
200 1971 305 2030 iisdem
325 1969 534 2029 commentariis
552 1969 648 2027 melius
666 1971 797 2028 additura
815 1969 926 2036 „Siout
929 1969 1037 2024 statutis

58 2054 92 2108 ati
103 2058 189 2128 poenis
206 2061 281 2120 utile
301 2067 360 2129 est3
386 2056 426 2111 ita
450 2056 491 2111 uti
509 2057 693 2114 hominibus'
684 2077 714 2114 ιιι
731 2059 897 2134 torquendo
893 2057 1006 2112 male
996 2075 1037 2115 sn·

57 2144 156 2214 reninis
173 2149 241 2203 mali
262 2155 305 2201 est
324 2145 517 2219 poenitendi.“
552 2147 681 2202 Pluribus
704 2147 839 2222 siquidem
862 2147 946 2202 iidem
964 2163 1037 2200 eom·

56 2243 199 2290 nonore·
217 2235 350 2310 probant
373 2233 575 2308 prohibendam
596 2254 654 2290 esse
678 2237 707 2291 in
730 2235 872 2308 puniendo
898 2243 1037 2289 contume-

56 2317 147 2376 litnet
163 2323 257 2397 iram,
285 2341 361 2398 quae
385 2323 423 2377 ab
446 2322 575 2382 insolenti
598 2323 837 2378 animadversione
861 2323 956 2377 abesse
979 2328 1037 2376 non
1065 2347 1076 2386 γ

57 2421 159 2476 potunt.
194 2413 399 2487 „Optandum,
427 2408 517 2484 inquit
535 2411 617 2466 stiam
636 2411 759 2481 Tullius,
785 2419 817 2464 ιιι
839 2409 888 2484 qui
905 2417 1038 2482 praesunt

56 2496 206 2568 nipattteae
225 2506 323 2576 legum
343 2499 450 2556 similes
472 2499 539 2570 sint,
563 2517 637 2575 qnae¹
657 2500 693 2576 acl
717 2499 888 2572 puniendum
909 2513 965 2573 non
983 2496 1037 2550 ira·

59 2586 141 2642 neda
156 2591 203 2646 sed
221 2591 370 2667 aequitate
389 2589 557 2644 ducentum
595 2589 677 2664 Quod
695 2605 712 2643 a
733 2588 831 2663 quovis
849 2585 979 2660 prineijrs
996 2584 1038 2642 in·

59 2673 137 2741 prinis
152 2680 264 2753 requiri
283 2697 351 2734 eum
371 2677 543 2750 intelligeret
561 2677 757 2754 Ououang,
774 2677 830 2749 jam
848 2675 978 2750 pacific'us
996 2684 1038 2730 to·

64 2759 104 2815 llas
118 2763 219 2840 imperii
238 2785 401 2842 possessor,
428 2784 463 2826 ne
481 2767 628 2842 aliquando
646 2767 727 2838 liujus
744 2764 948 2840 praeceptionis
967 2763 1036 2823 obli·

64 2847 115 2904 tt'tti
129 2873 202 2930 posse
220 2857 389 2926 rideretur,
416 2856 484 2912 haec
505 2854 585 2928 regio
604 2855 704 2926 eladio,
723 2873 770 2908 seu
788 2853 863 2924 ensi,
885 2853 978 2909 rerba
996 2851 1037 2905 in·
1096 2917 1103 2922 -

67 2939 129 2996 serti
145 2945 281 3011 jussits„
285 2963 321 2999 ne
340 2943 492 3016 stringeris
510 2943 563 2998 nisi
581 2960 638 3018 pro
653 2943 803 3016 aequitate,
822 2942 875 2996 nisi
894 2961 927 2996 ex
944 2940 1036 3015 arqui-

65 3032 128 3080 *Ψ
158 3033 237 3109 Quod
254 3041 453 3107 praeceptum,
480 3033 584 3090 addunt
601 3035 723 3103 annales,
746 3039 904 3131 excerptum
923 3039 984 3084 erat
1004 3045 1037 3086 es

68 3111 124 3170 titre
144 3122 224 3176 Tan
231 3123 325 3180 eheu
354 3121 407 3202 (de
424 3121 532 3175 ratione
552 3123 622 3176 bene
641 3121 829 3195 gubernandi)
851 3119 907 3194 qui
925 3118 1038 3172 videtur

71 3198 132 3260 ltltte
136 3211 365 3307 antiquissimus,
385 3210 635 3289 quandoquidem
627 3231 656 3264 ιιι
675 3205 847 3271 documentis
862 3219 889 3262 et
905 3225 1039 3282 praecep«

51 3286 96 3386 'tis
109 3295 153 3349 oi·
168 3303 273 3358 nnllam
292 3301 380 3354 habet
398 3297 564 3358 mentionem
581 3299 720 3359 librorum
737 3298 837 3378 lting,
856 3313 924 3370 quos
937 3312 1038 3351 memo·

73 3390 121 3432 rant
138 3386 269 3464 citamque
293 3387 346 3442 alii
371 3405 467 3440 omnes
484 3398 608 3460 tempore
620 3385 809 3460 posteriores,
838 3403 899 3456 sno„
885 3385 924 3438 nis
942 3393 973 3436 ιιι
991 3383 1039 3436 do

71 3463 155 3526 lendum
171 3477 203 3532 sit
219 3475 387 3552 posteritati
404 3475 530 3548 periisse,
547 3467 651 3534 relictis
670 3473 734 3531 solis
754 3474 827 3548 npnd
843 3471 991 3528 historicos
1010 3480 1041 3548 et

73 3555 170 3638 ”littae
186 3567 345 3646 scriptores
363 3563 506 3624 sententiis
524 3563 686 3658 praeclaris,
705 3562 752 3623 sed
774 3581 830 3620 non
848 3562 888 3620 ita
907 3561 1009 3620 multis.
